2998 4896
254 344 305 418 tis
706 367 866 420 vannum

255 519 336 572 sinin
354 511 590 572 celeberrimum
610 511 806 595 exemplum,
835 514 965 576 relatum
986 529 1006 573 a
1029 511 1209 601 Cicerone,
1237 524 1320 581 obli-

256 618 354 674 vionis
365 618 608 688 praeteritorum
622 630 730 672 rernm
744 613 873 674 decreto
883 621 1005 694 patrum
1015 614 1247 692 comprobatum
1257 629 1319 684 est.

203 705 243 772 59
332 712 483 780 Caesaris
497 712 609 774 deinde
628 719 847 774 testamentum
860 724 1001 794 apertum
1015 723 1074 794 en,
1089 733 1150 796 quo
1164 716 1201 778 C.
1213 718 1315 781 Oeta-

253 816 355 895 vium,
389 823 533 894 nepotem
557 813 675 876 sororis
699 829 777 872 suae
798 812 921 895 duliae,
952 814 1134 896 adoptabat3
1162 818 1202 879 de
1224 820 1314 901 cujus

254 917 374 1000 origine
407 916 500 977 etiam
531 930 731 993 supervacua
759 923 790 975 et
820 931 920 993 pauca
951 915 1084 980 dicendo
1112 929 1193 981 sunt.
1243 923 1316 985 lluit

253 1017 291 1081 C.
306 1017 470 1097 Octavius,
489 1023 598 1078 utnon
618 1016 759 1096 patricia,
775 1017 817 1078 ite
830 1015 994 1076 admodum
1013 1018 1164 1097 speciosa
1177 1024 1317 1104 equestri

251 1119 379 1200 genitus
410 1117 543 1203 familia,
573 1118 701 1197 gravis,
732 1127 879 1198 sanctus,
908 1115 1078 1203 innocens,
1113 1119 1216 1184 dives.
1256 1125 1319 1187 ilio

251 1230 377 1302 praetor
398 1221 478 1284 inter
502 1220 715 1285 nobilissimos
739 1219 826 1279 viros
851 1224 977 1280 creatus
1004 1219 1104 1298 primo
1132 1223 1224 1306 loco,
1246 1245 1319 1288 cum

252 1324 283 1386 ei
303 1321 441 1403 dignatio
469 1323 554 1385 Julia
581 1320 717 1402 genitam
743 1317 858 1380 Attiam
878 1317 1085 1381 conciliasset
1105 1339 1252 1408 uxorem,
1275 1345 1318 1388 ex

252 1445 292 1486 eo
311 1424 429 1486 honore
449 1423 576 1482 sortitus
599 1416 836 1494 Macedoniam,
868 1418 1105 1500 appellatusque
1128 1422 1159 1482 in
1185 1443 1224 1486 ea
1248 1431 1316 1487 inr-

249 1534 393 1602 perator,
423 1519 585 1582 decedens
611 1517 651 1578 ad
680 1518 861 1597 petitionem
893 1519 1075 1582 consulatus
1101 1521 1187 1597 obiit,
1216 1543 1316 1603 prae-

250 1631 369 1688 textato
386 1620 495 1682 relicto
508 1619 580 1681 lilio.
605 1616 707 1694 Quem
727 1618 765 1682 C.
779 1618 913 1707 Caesar,
933 1621 1031 1702 major
1044 1621 1113 1704 ejus
1129 1626 1312 1706 auunculus,

251 1724 416 1788 educatum
432 1723 514 1803 apud
527 1720 705 1802 Philippum
716 1722 879 1802 vitricum,
900 1723 1007 1786 dilexit
1019 1733 1052 1787 ut
1064 1744 1169 1808 suum,
1186 1734 1309 1788 natum·-

251 1847 313 1910 que
327 1843 426 1889 annos
438 1823 533 1886 XVll
545 1808 769 1901 Hispaniensis
786 1824 923 1904 militiae,
943 1822 1127 1888 adsecutum
1141 1844 1189 1911 se,
1201 1834 1310 1908 postea

250 1928 395 1991 comitem
414 1924 528 2004 habuit,
548 1941 707 2004 nunquam
724 1935 776 1988 aut
795 1926 855 1986 alio
868 1942 960 1986 usum
981 1923 1115 2004 hospitio
1129 1947 1222 2008 quam
1243 1946 1311 2012 suo,

249 2027 369 2092 autulio
388 2033 516 2086 vectum
529 2023 691 2103 vehiculo;
712 2025 973 2105 pontificatusque
989 2025 1166 2091 sacerdotio
1181 2048 1313 2111 puerum

248 2127 427 2207 honoravit3
448 2134 499 2206 et,
515 2125 644 2204 patratis
662 2125 753 2186 bellis
767 2125 925 2203 civilibus,
946 2126 986 2186 ad
1008 2125 1211 2193 erudiendum
1228 2132 1309 2192 libe·-

247 2229 364 2292 rnlibus
387 2225 560 2308 disciplinis
582 2224 751 2307 singularis
770 2223 922 2305 juvenem
947 2226 1079 2308 indolis,
1113 2229 1311 2310 Apolloniam

248 2349 320 2397 eum
339 2329 372 2392 in
391 2329 494 2391 studia
512 2328 651 2412 miserat,
671 2343 746 2388 mox
767 2325 838 2400 belli
859 2323 964 2388 Getici
982 2343 1021 2388 ac
1042 2325 1154 2388 deinde
1174 2329 1311 2390 Parthici

246 2430 407 2498 habiturus
437 2431 686 2494 commilitonem.
726 2427 786 2491 Cui
812 2437 845 2490 ut
869 2436 919 2488 est
941 2426 1110 2489 nuntiatum
1138 2424 1177 2486 de
1208 2426 1309 2488 caedo
1338 2467 1344 2478 ·

247 2532 411 2613 avunculi,
433 2549 504 2594 cum
533 2532 674 2611 protinus
697 2548 740 2591 ex
767 2530 880 2593 vicinis
908 2527 1084 2610 legionibus
1109 2527 1310 2591 centuriones

245 2651 336 2696 suam
356 2649 546 2712 suorumque
575 2632 702 2696 militum
732 2651 871 2713 operam
884 2633 912 2694 ci
939 2631 1174 2715 pollicerentur,
1204 2648 1309 2711 neque

247 2753 317 2796 enm
350 2730 558 2814 spernendam
591 2731 793 2796 Salvidienus
825 2743 856 2796 et
879 2733 1023 2813 Agrippa
1047 2731 1206 2794 dicerent:
1245 2732 1326 2818 ille,'

245 2825 400 2898 festinans
419 2833 585 2915 pervenire
604 2834 636 2894 in
655 2833 779 2914 urbem,
801 2853 924 2896 omnem
944 2831 1082 2898 ordinem
1102 2833 1309 2896 notationem

245 3039 306 3118 nl,
327 3071 404 3118 quem
422 3059 513 3110 locum
532 3051 656 3120 Vellejus
674 3058 753 3116 dicit,
772 3057 805 3106 lt.
822 3055 959 3106 laudavit:
980 3055 1237 3123 Atheniensiumque
1256 3069 1304 3106 re-

245 3144 348 3195 noucoi
364 3147 444 3198 cetone
464 3147 617 3208 ecernplnon
632 3147 685 3194 eto.
737 3152 741 3165 ’

315 3232 359 3280 59.
395 3232 481 3282 etiam
498 3246 674 3296 someroacuo
699 3235 733 3284 et.
757 3232 841 3282 liber:
870 3232 954 3283 etiam
980 3232 1006 3282 si
1019 3232 1167 3295 praecenit
1185 3235 1220 3282 et.
1245 3235 1307 3288 (su-

246 3322 393 3384 puacuoet,
420 3322 582 3382 sipuaenaet
602 3323 669 3377 etc.)
696 3321 848 3370 adulatorie
874 3321 1007 3384 loquitur,
1036 3322 1112 3383 quasi
1140 3331 1306 3382 supervuoa-
1330 3373 1333 3380 ,

245 3421 324 3460 neum
342 3410 378 3458 sit
396 3408 488 3456 dicere
504 3410 538 3458 de
563 3409 645 3470 gente
675 3411 729 3458 tam
744 3407 860 3471 illustri,
888 3421 941 3457 nec
959 3410 1072 3473 deceat,
1098 3411 1123 3459 si
1142 3411 1201 3470 quis
1219 3392 1305 3471 dicat,

245 3503 340 3561 paucis
355 3499 455 3546 dicere.
475 3520 511 3531 -
526 3509 639 3546 oaorem.
657 3499 723 3546 Me:
743 3497 874 3565 colorem,
895 3509 954 3546 cunr
970 3497 1098 3548 librarius
1118 3509 1196 3558 quam
1212 3497 1307 3546 littera

245 3599 272 3638 m
297 3585 390 3637 seculo
415 3583 459 3634 tn.
476 3596 499 3633 *a
518 3580 581 3633 Olrr.
598 3585 691 3636 habuit
708 3587 819 3636 tomam
842 3597 922 3636 secus
946 3585 1135 3636 intellexisset.
1154 3597 1239 3634 arens
1256 3595 1307 3645 per

245 3687 276 3724 se
292 3677 393 3725 dieitur
409 3685 489 3722 arcus
507 3670 637 3721 eoelestis
656 3685 706 3722 seu
725 3673 839 3735 pluvius.
852 3675 934 3728 ,suet
956 3673 1015 3724 Oct.
1034 3673 1091 3722 ii:
1111 3671 1253 3736 drenins,
1271 3669 1308 3719 ad

244 3765 364 3822 speeiem
382 3761 510 3812 coelestis
527 3771 619 3819 arcus,
642 3761 735 3812 oriem
751 3759 820 3812 solis
837 3761 942 3813 ambiit.

314 3850 357 3900 60.
393 3849 469 3902 odiri
485 3847 652 3900 invidiosum
667 3847 813 3913 fortunam
831 3847 971 3902 Caesario.
989 3849 1069 3900 libri:
1089 3850 1127 3900 nd
1143 3859 1241 3898 nornen
1258 3842 1303 3892 in-

244 3932 369 3988 vidiosae
384 3937 518 4003 fortunae
536 3935 565 3987 G.
575 3971 585 4002 ,
613 3950 682 4000 quae
705 3939 747 3988 est
764 3939 954 4000 interpretatio
980 3931 1056 3998 ejus,
1086 3937 1131 3996 qul
1148 3934 1232 3984 veroa
1250 3932 1305 3980 iota

244 4023 272 4076 ln
289 4025 419 4082 proximis
437 4025 517 4092 nefas
534 4039 593 4078 esse
610 4051 647 4062 -
663 4025 806 4091 indmnnm
822 4039 902 4076 secus
920 4024 1082 4085 accepisset,
1101 4024 1177 4082 quasi
1188 4033 1220 4070 re
1235 4029 1304 4068 vera

244 4120 340 4159 nomen
360 4112 542 4165 tantummodo
560 4116 696 4178 ageretur,
713 4125 767 4164 non
786 4115 867 4166 etiam
884 4112 1019 4164 hereditas
1037 4111 1176 4171 omnisque
1192 4109 1303 4158 fortuna

246 4195 386 4258 caesano
408 4211 504 4252 -vurunr
528 4201 595 4254 illud
606 4198 730 4265 jactabat
748 4201 888 4264 Octavius,
908 4200 941 4248 de
959 4199 1010 4246 hac
1027 4196 1135 4262 silebat,
1152 4209 1187 4248 ne
1203 4208 1304 4248 avarus

244 4288 389 4338 videretur.
410 4285 433 4334 lt
452 4291 532 4338 nota:
553 4291 629 4343 odiri
646 4303 744 4344 nornen
761 4289 978 4351 invidiosumque
994 4282 1141 4350 fortunent
1159 4283 1300 4340 Caesone.
