2990 4894
236 275 284 352 88
688 298 848 350 risnnser

235 447 335 530 teris,
353 444 429 526 sed,
454 463 495 507 ne
517 444 591 527 qnid
610 442 720 505 honori
740 441 887 525 deesset,
912 441 1039 527 aureis,
1066 443 1178 509 vinxit
1220 449 1308 514 Gra.
1332 471 1334 478 ·

198 593 200 600 κ
238 553 349 608 seente
370 544 484 609 deinde
503 553 535 606 et
553 543 669 616 amoris
687 543 719 604 in
739 541 938 624 Cleopatram
957 541 1123 627 incendio,
1150 555 1185 610 et
1205 550 1308 616 vitio-

237 663 318 728 rum,
338 663 419 729 quae
439 658 567 727 semper
581 643 778 707 isenlmtibus
790 643 979 726 licentiaque
996 654 1029 707 et
1041 649 1307 718 assentationibus
1335 679 1336 684 ¹

237 747 371 830 eiuntnr,
389 744 614 830 magnitudine,
633 744 748 808 bellum
766 745 886 824 patriae
906 743 1028 808 inferre
1044 747 1208 834 constitnit,
1227 767 1303 816 enm

238 854 312 910 ante
330 863 445 906 nonum
469 862 508 908 se
534 848 682 907 moenam
704 854 828 920 patrem
858 845 1008 926 appellari
1033 845 1205 932 jussisset,
1235 859 1301 914 tom

238 947 400 1012 redimitus
417 944 562 1028 hederis,
590 951 781 1027 oroeotaque
807 946 933 1008 velatus
964 965 1077 1031 aurea,
1108 957 1139 1012 et
1161 950 1301 1034 tiryrsnm

238 1058 370 1132 tenens,
389 1047 614 1129 cothurnisque
640 1047 810 1126 subnixus,
834 1065 942 1133 curru,
973 1050 1060 1112 velut
1083 1049 1182 1114 Liber
1203 1052 1303 1136 Pater,

239 1157 354 1213 veoms
376 1157 468 1212 esset
486 1147 711 1231 Alexandriae.

187 1252 230 1318 83
314 1252 400 1313 luter
417 1250 502 1313 hune
521 1257 702 1330 apparatum
725 1249 797 1310 belli
816 1249 971 1331 Plancus,
997 1269 1059 1316 non
1082 1253 1202 1334 jndioio
1221 1265 1310 1324 reeta

238 1351 396 1434 legendo,
425 1368 530 1432 neque
556 1368 663 1411 amore
690 1350 739 1411 rei
760 1351 903 1432 pubiioae
926 1361 981 1416 aut
1004 1353 1155 1418 Caesaris
1174 1359 1310 1441 (qnippe

239 1455 321 1518 haee
341 1469 467 1533 semper
479 1450 714 1533 impugnabat),
734 1453 794 1516 sed
812 1454 921 1516 morbo
940 1455 1087 1541 proditor,
1108 1475 1179 1520 oum
1192 1458 1309 1524 fuisset

238 1554 425 1620 inmittimus
445 1560 621 1615 assentator
641 1553 772 1634 reginae
791 1564 824 1617 et
843 1553 922 1618 inira
942 1573 1060 1620 servos
1077 1557 1213 1642 eliens,
1233 1574 1306 1622 oum
1361 1625 1367 1632 ,

240 1657 369 1722 Antonii
389 1655 546 1737 librarius,
574 1673 646 1718 oum
672 1655 990 1720 obscoenissimarum
1013 1675 1118 1720 rerum
1144 1666 1177 1721 et
1194 1667 1306 1722 eueter

242 1768 276 1822 et
293 1759 450 1842 minister,
471 1775 542 1821 oum
561 1757 592 1820 in
612 1759 715 1820 omnia
736 1767 772 1820 et·
789 1757 931 1820 omnibus
946 1758 1080 1842 venalis,
1100 1777 1177 1824 oum,
1191 1777 1305 1824 meru·

242 1863 345 1925 ieatns
368 1870 401 1923 et
418 1859 537 1943 nudus,
571 1867 727 1942 caputque
752 1859 914 1922 redimitus
940 1856 1090 1921 arundine
1118 1871 1151 1924 et
1175 1861 1306 1926 mudum

242 1961 386 2039 babens,
415 1958 551 2039 genibus
576 1959 703 2020 innixus
726 1955 882 2022 Glaucum
905 1961 1054 2024 saltasset
1083 1959 1116 2022 in
1148 1964 1307 2044 convivio,

241 2057 447 2141 refrigeratus
463 2058 502 2120 ab
519 2059 656 2121 Antonio
677 2058 715 2120 eb
736 2059 973 2124 manifestarum
986 2062 1163 2144 rapinarum
1182 2063 1306 2150 indicta,

242 2159 410 2241 transfugit
444 2159 484 2222 ad
525 2159 709 2224 Caesarem.
759 2159 801 2220 iit
836 2158 921 2221 idem
959 2172 1078 2242 postea
1108 2163 1307 2228 elementiam

208 2345 210 2348 Ι
242 2262 373 2328 viatoris
392 2281 449 2345 pro
469 2281 529 2326 sue
553 2263 668 2326 virtute
694 2259 972 2343 interpretabatur,
994 2261 1156 2345 dictitans,
1173 2271 1210 2324 id
1224 2285 1307 2339 pro-

242 2370 349 2425 batum
380 2384 401 2425 n
429 2368 580 2444 caesore,
615 2366 666 2428 eui
693 2365 743 2428 iila
767 2364 944 2446 ignoverat.
986 2362 1097 2425 Artem
1125 2362 1208 2426 harro
1230 2379 1306 2426 mox

161 2550 166 2554 ι
241 2465 389 2528 ammenti
406 2465 452 2526 Μ.
474 2466 575 2528 'fitius
596 2467 733 2550 imitatus
757 2475 818 2530 est.
856 2463 950 2528 Hand
973 2463 1110 2528 absurde
1133 2463 1172 2528 0.
1196 2463 1307 2547 Cepo-

243 2568 314 2632 nins
341 2566 535 2648 praetorius,
576 2567 625 2628 vir
647 2569 879 2654 gravissimus,
912 2568 949 2629 Ρ.
981 2567 1051 2630 Silii
1079 2585 1192 2653 soeer,
1224 2587 1307 2660 ormi,

238 2685 360 2732 reeens
385 2664 564 2747 nansdiga,
583 2667 680 2728 multa
702 2686 741 2730 ao
770 2668 906 2732 nefanda
926 2668 1064 2729 Pinnens
1087 2667 1210 2728 absenti
1232 2668 1306 2728 An-

242 2771 328 2834 tonio
346 2771 515 2852 insenum
533 2764 703 2847 objiceret,
734 2772 853 2843 Mulio,
883 2765 998 2845 inquit,
1017 2768 1209 2826 meberoaiee
1226 2769 1307 2840 ferit

246 2876 401 2936 Antonius
418 2874 535 2947 pridie,
556 2883 649 2943 quara
668 2874 704 2926 tu
722 2869 809 2926 dium
828 2869 1031 2941 relinquerer.
1105 2893 1109 2900 ·
1206 2890 1209 2898 ·

249 2993 480 3020 ...wa-ai-

245 3092 324 3142 abest
340 3092 409 3141 enirn
426 3101 444 3139 a
457 3088 543 3140 libris.
559 3109 594 3122 -
610 3085 692 3136 iidem
708 3083 839 3136 solonae:
857 3085 1066 3150 dannaverat.
1080 3091 1119 3122 '·-
1137 3091 1306 3154 croootnpae

246 3179 427 3232 »suintune
444 3178 485 3228 ita
505 3175 697 3238 sagacissimus
714 3173 754 3238 B3
781 3174 846 3229 libri
861 3174 1006 3224 munienter
1030 3187 1307 3240 coronaque-eac·

248 3268 362 3323 cinctus.

316 3356 361 3405 83.
396 3356 519 3422 leporino.
537 3353 629 3403 codd:
648 3350 765 3418 topeodi.
780 3377 810 3387 -
832 3351 1036 3414 assentatorii,
1051 3351 1121 3415 quod
1132 3355 1219 3418 magis
1229 3365 1306 3418 quam

249 3445 389 3511 vulgatum
411 3445 572 3496 assentator
594 3423 728 3490 'convenit
751 3442 836 3492 verbo
854 3439 948 3492 ebone.
975 3440 1141 3490 altstat
1160 3454 1194 3492 eo
1210 3441 1308 3493 landa*

249 3543 295 3588 tus
310 3533 450 3587 Emestius
466 3532 500 3582 ed
517 3533 583 3581 'i'ae-
600 3530 671 3577 Arm.
690 3527 738 3593 11,
756 3525 799 3578 21.
817 3551 852 3563 —
870 3527 1145 3580 Artem-inaitotne
1156 3531 1205 3580 ert.
1225 3532 1308 3582 vetus

249 3626 335 3678 iiber:
359 3625 429 3674 Mon
447 3622 537 3672 anima
552 3619 642 3684 iane,
667 3629 734 3668 meo
751 3618 919 3668 nomentum
938 3616 1028 3668 Titias
1054 3616 1102 3667 im.
1119 3618 1169 3668 eet.
1198 3617 1308 3668 scilieet

249 3714 408 3776 eorreetor,
431 3717 489 3760 'non
511 3709 602 3757 terens
619 3705 714 3754 aretem
729 3706 865 3767 principio
882 3705 1029 3768 orationis,
1053 3706 1211 3766 praeposuit
1230 3715 1306 3768 meo,

250 3802 323 3854 haud
339 3777 444 3865 deleto,
468 3799 529 3847 dnm
554 3793 680 3853 festinat,
709 3792 804 3841 eodem
828 3794 931 3860 verbo,
955 3804 1007 3855 quo
1034 3791 1098 3842 loeo
1119 3791 1262 3855 tegebatur
1279 3791 1306 3837 in

251 3891 427 3954 autographo.
444 3887 541 3938 Rhea:
560 3878 641 3935 Hane
657 3889 723 3930 mon
739 3891 784 3928 nn.
802 3879 855 3931 Tit.
868 3880 886 3930 i.
899 3882 948 3932 eet.
965 3878 1118 3942 initialiter,
1138 3867 1186 3930 sed
1198 3884 1306 3940 omnes—z

252 3977 361 4044 autem,
393 3989 452 4027 enm
473 3973 545 4025 vell.
570 3970 638 4021 haud
664 3966 742 4017 dubie
768 3965 875 4016 dederit
891 3968 999 4031 ortem,
1026 3965 1127 4015 dotum.
1153 3965 1189 4015 oi.
1218 3973 1242 4012 o.
1259 3962 1307 4012 88.

252 4074 417 4132 praenomen
433 4065 488 4114 viri
502 4057 559 4126 jam
574 4059 684 4122 Lipsius
696 4054 824 4115 inseruit3
842 4055 914 4103 sient
932 4050 1059 4116 Coponii,
1077 4063 1095 4102 a
1112 4053 1242 4115 sequente
1258 4050 1307 4104 lit·

252 4151 514 4214 tera-interneptum,
528 4149 574 4199 lir.
591 4171 627 4186 -
642 4140 940 4212 praetorius-rocon.
957 4140 1034 4190 libri:
1054 4139 1100 4194 uir
1112 4141 1213 4207 praet,
1224 4151 1308 4206 prou.

253 4247 350 4313 puber,
368 4233 433 4289 soii
450 4247 538 4288 socer.
557 4237 598 4288 ed.
618 4232 802 4286 inanimae:
819 4229 851 4282 Ρ.
870 4228 935 4282 sitii
952 4241 974 4280 s.
