2998 4896
579 387 681 436 tarsu.
708 385 744 435 n.
772 388 816 437 11.
1184 345 1236 438 tt

213 553 216 562 ⁴
244 533 317 596 Non
338 531 395 593 fuit
409 549 493 593 nune
506 529 605 610 major
623 530 655 590 in
673 530 862 613 Caesarem,
884 549 976 612 quam
999 535 1029 594 in
1048 533 1231 615 Pompejutn
1243 545 1284 608 51
1327 603 1330 612 ¹

167 632 293 715 fuerat,
311 633 402 714 regis
428 647 616 710 eorumque,
646 649 776 716 quorum
794 633 824 692 is
852 634 1035 695 auctoritate
1056 635 1235 717 regebatur,

167 733 261 796 lidos.
300 730 509 812 Quapropter,
530 748 602 791 cum
618 731 800 794 venientem
821 751 893 796 eum
911 744 1089 797 tentassent
1102 738 1236 820 insidiis,

167 853 206 900 ac
221 834 337 897 deinde
357 833 438 894 bello
463 821 627 892 lacessere
650 833 819 918 auderent,
838 837 961 918 utrique
986 855 1108 900 summo
1131 839 1235 920 impe·
1298 877 1305 884 -

166 934 330 1013 ratornm[,
351 933 439 994 alteri
458 933 617 1014 superstiti
624 934 649 1016 7]
669 936 797 997 meritas
818 953 940 1017 poenas
955 941 1044 1001 luere
1061 941 1235 1021 suppliciis.

166 1039 335 1118 Nusquam
362 1043 429 1096 erat
450 1034 621 1115 Pompcjus
648 1054 801 1116 corpore,
833 1040 937 1103 adbuc
959 1041 1074 1124 ubique
1101 1044 1236 1126 'vivebat

167 1139 306 1201 nomine:
342 1137 456 1216 quippe
475 1136 591 1215 ingens
615 1139 748 1217 partium
772 1139 842 1220 ojus
862 1143 953 1204 favor
973 1145 1086 1205 bellum
1110 1147 1236 1206 excita-

167 1245 259 1298 verat
276 1236 476 1318 Africanum,
497 1233 580 1316 qnod
598 1236 702 1298 ciebat
715 1257 774 1301 rex
793 1241 878 1302 tuba
892 1251 924 1303 et
944 1244 1063 1328 Scipio,
1083 1245 1133 1304 vir
1154 1263 1235 1307 con-

168 1339 299 1421 sularis,
336 1347 411 1400 ante
437 1337 614 1420 biennium,
653 1357 746 1419 quam
780 1342 1017 1424 extingueretur
1049 1343 1236 1427 Pompejus,

168 1443 271 1504 lectus
290 1442 329 1502 ab
345 1461 384 1503 eo
403 1460 512 1523 socer3
533 1461 705 1524 eorumque
723 1445 832 1523 copias
852 1446 1048 1512 auxerat-M.
1068 1445 1164 1530 Cato,
1184 1447 1237 1507 in-

169 1544 258 1626 genti
277 1563 350 1606 cum
375 1543 555 1610 difficultate
572 1544 716 1607 itinerum
728 1545 931 1626 locorumque
950 1547 1054 1627 inopia
1075 1547 1237 1627 perductis

169 1645 211 1706 ad
232 1663 290 1706 eos
309 1646 503 1727 legionibus,
535 1647 588 1728 qui
613 1647 681 1726 vir,
710 1665 781 1709 oum
805 1663 961 1708 summum
983 1649 1013 1707 ei
1041 1666 1061 1709 a
1088 1649 1236 1712 militibus

170 1745 346 1808 deferretur
367 1748 549 1830 imperium,
570 1747 757 1808 honoratiori
778 1759 891 1828 perere
912 1750 1026 1810 maluit.
1120 1791 1124 1798 -
1203 1825 1207 1834 ⁸

246 1849 405 1910 Admonet
431 1851 609 1929 promissae
644 1849 807 1909 brevitatis
839 1849 936 1932 fides,
981 1859 1095 1931 quanto
1112 1845 1238 1911 homnis
1247 1857 1289 1920 55

169 1958 354 2012 uanscrrrsu
378 1950 512 2012 dicenda
534 1950 607 2011 sint.
647 1950 797 2030 Sequens
818 1949 971 2012 fortunam
994 1967 1084 2012 suam
1115 1949 1238 2012 Cacsar

168 2059 341 2132 pervectus
359 2053 391 2113 in
406 2053 547 2113 Africam
566 2060 635 2137 est,
655 2069 768 2132 quam,
788 2053 898 2114 occiso
918 2052 1071 2132 Curione,
1092 2041 1237 2114 Julianu-

61 2157 63 2162 ’
169 2171 238 2212 rum
271 2152 352 2214 duce
383 2153 536 2238 partium,
564 2152 749 2233 Pompcjani
773 2153 950 2215 obtinebant
982 2155 1153 2215 exercitus.
1192 2151 1238 2214 ibi

168 2255 269 2335 primo
287 2255 408 2314 variam
428 2254 580 2316 fortunam
600 2256 796 2334 expugnavit
822 2258 892 2335 via,
925 2256 1155 2336 inclinatusque
1176 2255 1240 2314 ho-

170 2355 263 2416 stium
290 2357 409 2435 copiae.
454 2357 529 2418 Nee
554 2355 716 2417 dissimilis
739 2355 781 2416 ibi
804 2357 961 2416 adversus
982 2355 1116 2440 victos[,
1146 2373 1239 2436 quum

169 2456 200 2516 in
229 2457 352 2535 priores
360 2458 386 2541 ,]
417 2457 584 2518 clementia
614 2449 766 2518 Caesaii's
800 2453 866 2516 fuit.
904 2456 1069 2518 Victorem
1097 2455 1240 2518 Africani

170 2555 243 2616 belli
263 2555 301 2618 (l.
313 2547 488 2618 Caesarem
507 2558 639 2638 gravius
659 2557 786 2636 excepit
804 2557 1019 2637 Hispaniense
1035 2557 1240 2636 (cumvictus

170 2657 210 2718 ab
238 2675 278 2718 eo
303 2656 487 2718 Pharnaces
516 2658 574 2720 vix
603 2656 772 2738 quidquam
801 2659 922 2739 gloriae
950 2658 1020 2740 ejus
1058 2659 1240 2743 adstruxit),

171 2757 255 2840 quod
275 2756 335 2819 Cn.
354 2757 546 2845 Pompejus,
565 2757 678 2840 Magni
704 2758 807 2842 iilius,
830 2759 1021 2820 adolescens
1037 2759 1173 2840 impetus
1199 2759 1241 2822 ad

170 2860 251 2921 bella
276 2861 420 2944 maximi,
449 2861 565 2942 ingens
586 2879 638 2922 ue·
654 2860 789 2921 terribile
810 2859 1018 2942 conflaverat,
1038 2860 1176 2942 undique
1199 2859 1240 2920 ud

172 2975 244 3020 eum
273 2961 376 3024 adbuc
405 2962 525 3041 paterni
558 2962 693 3023 nominis
714 2955 960 3043 magnitudinem
980 2961 1178 3039 sequentium
1198 2977 1241 3021 ex

172 3070 237 3122 toto
257 3062 332 3121 orbe
351 3070 503 3122 terrarum
538 3063 662 3149 auniliis
691 3061 931 3122 confluentibus.
969 3060 1037 3122 sna
1066 3059 1241 3122 Caesarem

243 3329 286 3376 55.
321 3328 440 3380 cariam.
467 3330 550 3380 liber:
582 3331 683 3400 varia,
720 3333 791 3392 quod
820 3333 942 3380 mendum
972 3331 1140 3382 levissimum
1170 3331 1241 3380 lraud

175 3429 442 3480 commemorassem,
469 3421 522 3467 nisi
547 3431 641 3468 ansam
669 3421 840 3482 praebuisset
864 3419 990 3468 Acidalio
1016 3422 1177 3470 immodicae
1197 3421 1240 3467 in·
1283 3459 1286 3468 .

174 3504 303 3564 utilisque
320 3507 486 3555 mutationis.
506 3508 548 3555 sic
565 3509 636 3556 caim
652 3509 721 3557 baec
747 3509 874 3571 scripsit,
905 3507 1032 3558 sublecta
1058 3511 1086 3556 in
1111 3505 1242 3568 proximis
1352 3498 1354 3504 '

172 3589 327 3656 sebtentia,
355 3605 434 3654 quam
454 3593 524 3644 alias
542 3606 647 3658 qnoque
664 3590 792 3658 Vellejus
809 3596 874 3658 plus,
888 3609 967 3657 quam
984 3596 1070 3647 semel
1089 3594 1242 3654 usurparit,

174 3693 227 3742 quo
246 3683 334 3730 minus
350 3683 427 3731 bisce
443 3683 607 3734 inculcanda
626 3687 694 3734 tuit:
720 3685 766 3736 Iti
789 3685 881 3748 primo
906 3684 990 3736 coria
1012 3682 1145 3746 fortuna,
1173 3692 1242 3730 more

170 3769 391 3834 pernoscere
419 3771 447 3818 id
465 3774 646 3822 commentum
671 3774 740 3822 adeo
767 3773 871 3834 placuit
892 3761 1003 3836 Lipsto,
1033 3775 1063 3819 ut
1080 3781 1158 3818 suum
1178 3781 1241 3818 esse

174 3857 280 3920 vellet3
298 3857 402 3920 placuit
419 3860 486 3908 item
503 3861 665 3912 Ruhnkenio
685 3865 714 3912 et
731 3861 794 3911 aliis
812 3863 978 3924 editoribus,
1004 3860 1050 3920 qui
1068 3860 1241 3920 receperunt,

172 3948 255 4008 idque
272 3947 372 4008 partim
388 3959 424 3996 ne
441 3950 579 4000 admonito
595 3952 701 4011 quidem
715 3951 838 4015 lectore,
855 3953 884 3998 in
904 3951 1043 4006 ordinem,
1061 3957 1122 3994 cum
1131 3947 1240 3994 minime

174 4034 284 4084 inticeta
308 4036 345 4084 sit
369 4037 473 4086 codicis
497 4039 650 4102 scriptura,
680 4042 759 4089 modo
788 4038 943 4088 correxeris
966 4033 1035 4082 illud
1059 4033 1160 4098 cama,
1191 4036 1241 4084 sod

179 4123 317 4180 aptissima
334 4125 415 4186 atque
436 4124 657 4188 elegantissima:
675 4140 738 4176 nam
755 4128 860 4175 variam
875 4124 955 4172 initio
973 4122 1123 4185 fortunam,
1141 4134 1243 4185 saepe«
1321 4125 1325 4146 ¹

176 4217 228 4267 qne
253 4210 391 4261 faventem
416 4209 607 4282 Pompejanis,
639 4225 809 4278 expugnasse
836 4213 865 4260 et
888 4212 941 4260 slbt
966 4205 1116 4272 subjecisse
1135 4213 1242 4264 ,dieitur

178 4291 281 4414 (lugeat
298 4300 361 4367 oio,
378 4304 407 4350 id
425 4306 467 4352 est
483 4306 610 4354 methodo
628 4308 741 4364 arteque
753 4300 869 4366 bellica,
888 4313 939 4363 qua
957 4299 1086 4364 pollebat
1105 4325 1140 4336 -
1157 4311 1240 4366 arcam

236 4390 277 4416 aar.
