2990 4894
620 331 722 382 rrrsr.
747 333 785 382 n.
812 331 857 380 ιι.
1196 305 1266 380 103

207 480 239 542 in
255 477 365 540 iisdem
381 473 571 556 provinciis,
591 472 731 552 graviter
748 472 814 532 tulit
826 472 955 557 civitas,
976 473 1076 535 virum
1099 473 1268 536 demeren-

208 579 258 642 dis
272 576 446 640 homiuibus
458 574 608 654 genitum.
635 572 817 634 Armeniam
841 571 956 634 deinde
973 573 1150 652 ingressus,
1171 573 1269 654 prima

207 685 293 760 parte
312 678 455 740 introitus
469 689 622 754 prospere
642 691 709 734 rem
731 665 849 754 g'essit3
872 690 956 760 mox,
976 673 1007 734 in
1030 672 1201 760 colloquio,
1219 677 1271 740 cui

206 797 244 840 se
265 787 384 840 temere
410 772 586 837 crediderat
596 800 611 854 ‚v
638 773 723 835 circa
742 773 901 855 Artegdra
922 773 1062 856 graviter
1084 792 1104 834 a
1125 777 1270 858 quodam,

204 879 329 942 nomine
345 874 477 957 Adduo,
496 875 696 958 vulneratus,
715 891 758 936 ex
771 893 831 958 eo,
850 885 885 938 ut
902 893 1018 956 corpus
1037 877 1141 937 minus
1157 875 1269 962 babile,

204 981 247 1042 ite
265 978 400 1038 animum
421 975 525 1037 minus
550 975 656 1037 utilem
676 976 723 1035 rei
741 976 884 1055 publicae
903 976 1021 1039 babere
1041 979 1155 1060 coepit.
1195 978 1270 1040 Nec

204 1078 302 1140 deiuit
323 1075 522 1138 conversatio
542 1076 720 1158 bominum,
744 1077 821 1137 vitia
844 1077 914 1157 ejus
937 1079 1152 1144 assentatione
1177 1080 1268 1141 alen-

203 1179 292 1240 tiumr
324 1177 440 1244 etenim
462 1195 588 1256 semper
612 1194 747 1257 magnae
772 1175 914 1238 fortunae
936 1196 1047 1239 comes
1070 1179 1162 1241 adest
1186 1180 1268 1242 adu-

200 1277 284 1340 latio.
324 1278 387 1340 Per
409 1295 490 1359 quae
510 1296 549 1338 eo
568 1276 681 1339 ductus
706 1285 793 1362 erat,
824 1287 857 1338 ut
875 1278 906 1339 io
930 1279 1036 1342 ultimo
1056 1298 1096 1342 ac
1119 1280 1267 1342 remotis-

203 1379 284 1440 simo
311 1387 461 1440 terrarum
490 1377 574 1442 orbis
603 1379 719 1458 angulo
748 1396 985 1441 consenescere
1012 1397 1105 1461 quam
1136 1379 1268 1442 Romam

202 1479 330 1558 regredi
347 1477 462 1541 mallet.
500 1479 601 1563 Dein,
629 1479 682 1541 diu
703 1479 874 1568 reluctatus
896 1480 1077 1560 invitusque
1102 1489 1268 1542 revertens

202 1583 234 1643 in
262 1581 398 1666 ltaliam,
426 1581 457 1643 iu
487 1581 564 1642 urbe
590 1581 714 1662 Iryciae
746 1582 929 1658 (Ltuyrom
954 1581 1129 1658 nominant)
1160 1582 1267 1642 morbo

202 1682 285 1764 obiit,
305 1699 376 1744 cum
397 1691 469 1744 ante
487 1699 599 1742 annum
619 1679 718 1741 iermc
737 1680 776 1741 1..
793 1679 926 1758 Caesar,
945 1679 1040 1742 irater
1056 1681 1267 1765 ejus,llispa-

200 1784 271 1845 nias
289 1792 419 1865 petens,
438 1782 604 1844 Massiliae
623 1780 832 1842 decessisset.

278 1883 347 1946 Sed
372 1881 510 1968 iortuna⁷
540 1898 622 1963 quae
650 1880 845 1944 subducebat
872 1897 962 1961 spem
989 1882 1096 1963 magni
1124 1882 1267 1967 nominis,
1282 1889 1342 1952 103

201 1973 267 2063 jani
299 1992 363 2046 tum
392 1985 438 2045 rei
465 1982 610 2064 publicae
636 1999 695 2043 sua
725 1981 882 2062 praesidia
915 1981 1102 2044 reddiderat.
1143 1979 1267 2063 Quippe

202 2094 275 2147 ante
289 2084 450 2165 utriusque
473 2085 583 2144 borum
602 2082 732 2163 obitum,
751 2091 842 2164 patre
860 2091 913 2145 tuo
931 2083 967 2144 P.
981 2083 1108 2146 Vinicio
1124 2085 1267 2152 consule,

200 2184 269 2248 Tib.
286 2185 395 2265 Nero,
414 2201 566 2246 reversus
584 2182 717 2264 ilbodo,
736 2179 909 2246 incredibili
925 2185 1041 2246 laetitia
1062 2185 1193 2263 patriam
1211 2204 1266 2245 re-

142 2367 145 2372 r
202 2286 354 2367 ploverat.
392 2285 466 2348 Non
490 2293 541 2348 cst
559 2284 611 2347 diu
632 2292 797 2347 cunctatus
816 2284 938 2346 Caesar
957 2285 1141 2364 Augustus:
1162 2301 1267 2364 neque

200 2385 284 2449 enim
306 2385 507 2468 quaerendus
535 2396 621 2467 erat,
652 2403 746 2464 quern
766 2384 905 2464 legeret,
935 2381 995 2442 sed
1015 2382 1188 2465 legendus⁷
1215 2385 1267 2463 qui

202 2488 366 2552 eminebat.
413 2488 542 2570 ltaque,
574 2485 657 2566 quod
677 2492 753 2563 post
773 2483 865 2544 Lucii
886 2491 1034 2567 mortem,
1063 2483 1166 2546 adbuc
1190 2483 1266 2546 vivo

214 2641 254 2654 β

272 2741 334 2792 102.
375 2741 504 2808 [perfido
528 2741 575 2805 et]
601 2743 745 2805 glossema.
772 2765 808 2778 -
831 2741 911 2806 sautu
936 2744 1068 2808 culpavit.
1095 2743 1180 2791 liber:
1209 2743 1265 2792 ium

202 2828 356 2897 ooulpooit.
380 2833 539 2881 emendator
556 2833 672 2894 Lipsius.
691 2834 802 2895 mirum,
820 2843 897 2893 quam
915 2842 998 2892 saepe
1018 2829 1029 2879 i
1045 2830 1139 2880 littera
1157 2843 1264 2892 perniu—
1303 2826 1310 2840 “

203 2923 261 2974 tata
277 2919 487 2969 cum-similibus
506 2922 600 2970 turbas
618 2921 739 2970 dederit:
764 2920 842 2968 velut
859 2919 893 2983 2,
913 2918 953 2966 12.
967 2915 1031 2978 jum
1050 2920 1159 2967 videtur
1176 2923 1264 2967 ortum

203 3019 238 3056 ex
258 3033 273 3045 -
290 3006 602 3068 tumultuarium,
627 3010 745 3069 itemque
766 3006 830 3068 jum
855 3020 904 3068 pro
932 3010 991 3056 tom
1018 3007 1147 3067 scriptum
1167 3007 1263 3066 procul

93 3133 102 3144 .
203 3096 283 3145 dubio
311 3097 354 3144 est
379 3096 451 3156 apud
480 3096 629 3144 Piraedruru
656 3095 722 3145 Feb.
749 3097 780 3156 b,
806 3096 836 3154 5,
863 3093 909 3141 25.
945 3091 1016 3154 (Fit
1043 3095 1128 3144 turbu
1152 3092 1262 3155 major:

201 3182 259 3232 tom
274 3180 360 3245 [acor
375 3185 480 3233 menter
498 3185 580 3233 tenet.
601 3183 671 3230 imo:
691 3185 749 3233 tum
766 3181 788 3245 f.
805 3195 841 3231 oo.
860 3185 896 3242 t..
916 3184 939 3230 b.
957 3193 981 3230 e.
1000 3186 1092 3232 tentus
1110 3187 1170 3232 erat
1183 3185 1263 3232 favor

131 3325 133 3334 p
201 3284 328 3333 scurrae,
345 3273 375 3320 ut
393 3271 592 3331 frequentiores
609 3273 751 3333 adessent,
770 3272 887 3326 derisuri
904 3267 1057 3333 rusticum.)
1077 3296 1111 3305 -
1127 3284 1261 3334 prospere

200 3372 260 3410 rem
284 3357 379 3424 presit.
406 3358 521 3407 inseruit
546 3357 709 3407 vocabulum
737 3372 797 3408 rem
822 3359 854 3407 N.
873 3358 1015 3420 Heinsius,
1041 3361 1110 3421 quod
1129 3359 1260 3420 quomodo

201 3447 327 3509 perierit,
344 3455 423 3494 nenio
440 3457 494 3495 non
510 3447 593 3500 videt.
619 3471 654 3480 --
682 3445 819 3511 conoquio
836 3448 937 3508 primus
956 3449 1044 3496 editor
1063 3447 1145 3496 liasii.
1162 3447 1259 3493 nien:

185 3533 366 3599 -oolloquium
386 3532 554 3596 (colloquio,
581 3534 720 3596 colloquiu
745 3536 819 3594 etc).
846 3559 880 3570 -
909 3535 1054 3600 Artoperc
1077 3529 1260 3604 (Ἄρτάγειρα

199 3636 242 3684 ap.
262 3623 374 3672 Dionem
394 3620 470 3670 Cass.
486 3620 505 3670 1.
522 3623 565 3671 ab.
583 3637 608 3684 p.
628 3622 705 3678 783.)
723 3625 845 3672 Moretus
861 3625 894 3672 ad
913 3623 978 3672 'lac
997 3625 1065 3671 Anu.
1086 3620 1115 3682 l,
1133 3621 1159 3666 3.
1180 3619 1258 3668 iibri:

199 3711 345 3760 A-roar.
364 3735 399 3744 -
416 3709 505 3776 Deir,
526 3709 574 3761 diu
591 3712 756 3762 reluctatus.
775 3712 877 3760 libera:
897 3713 1002 3762 Deinde
1020 3709 1193 3766 reluctatum
1211 3711 1257 3758 sed

198 3801 328 3848 liurerius
352 3799 505 3861 dubitabat,
532 3811 566 3848 an
592 3799 644 3848 boc
670 3801 798 3862 scriptum
817 3803 890 3849 esset
916 3802 943 3848 in
968 3799 1077 3846 codice:
1107 3798 1140 3846 do
1166 3797 1259 3848 reditu

198 3889 330 3939 luctator.
349 3888 410 3935 bine
427 3898 480 3950 ego
498 3888 610 3950 proieci.
636 3889 722 3937 minus
746 3889 925 3950 probabiliter
948 3888 1038 3947 hipe:
1069 3885 1124 3934 Diu
1149 3887 1257 3949 retunt..

131 4035 136 4046 .
197 3977 222 4024 a
239 3978 321 4026 nota:
342 3974 397 4024 Diu
413 3974 512 4026 miodo
529 3977 580 4025 rel.

266 4062 326 4113 toa.
361 4065 536 4114 subducebat.
571 4066 622 4114 boc
648 4067 800 4116 sententiae
826 4063 924 4121 aptum.
951 4061 1044 4110 codd:
1076 4063 1254 4114 subduceret.

198 4164 224 4198 v·
242 4165 302 4202 aun.
322 4154 355 4202 ed
373 4152 418 4203 ¹77.
447 4177 480 4187 -—
505 4153 595 4204 adbuc
620 4153 683 4204 vieo
705 4149 793 4213 cajo,
820 4149 958 4197 voluerat·
986 4149 1087 4198 libem:
1116 4153 1206 4203 uditate
1224 4150 1253 4201 C.

199 4239 261 4292 uiuo
277 4239 372 4302 faeere
389 4244 443 4292 vot.
462 4243 510 4291 sed
528 4240 616 4292 mulae
635 4243 717 4292 uotae
735 4241 778 4286 cst
794 4238 906 4287 verbum
923 4234 1037 4304 facero,
1056 4241 1124 4301 ouod
1143 4243 1170 4289 in
1189 4251 1254 4302 pro-
