2990 4894
489 385 491 392 ·
578 387 678 438 msr.
704 375 740 438 u'.
767 387 812 436 11.
1148 349 1219 438 1'23

172 525 313 594 omnibns
331 528 560 594 diffiodtotibns
580 517 753 612 superatis*
765 529 967 612 quas'inopia
985 519 1087 592 reium
1106 515 1239 594 intere-'¹

171 620 293 710 nabiles,
306 621 525 692 'vis'bostium'
535 624 671 690 faciebat
681 629 964 716 inexsuperabiles‚'
980 635 1042 692 nc'c
1056 633 1219 695 temerario

172 723 319 814 consilio,
342 746 403 790 uec
422 719 515 807 segni
533 726 816 812 providentiamti,
835 719 988 810 speculati
1009 717 1220 812 opportunitas-3

171 841 249 915 tem,
274 830 358 892 ferro
380 825 440 888 sibi
460 826 501 888 ad
513 839 597 889 ‘suos
615 839 776 909 peperere·
792 829 935 894 reditum.
971 818 1025 892 'Ere
1043 827 1107 911 ouo
1121 835 1237 912 appas

169 927 232 1014 ret,
264 930 401 1015 Varum,
433 945 510 990 sane
541 947 672 1010 gravem
686 941 689 952 ²
704 923 741 994 et¹
772 932 890 994 bouaa'¹
906 925 1074 996 voluntatis
1105 933 1222 1015 virum,

167 1033 273 1112 magis
295 1031 488 1111 imperatoris
508 1029 664 1093 defectum
685 1031 823 1094 consilio·
835 1041 927 1114 quam
949 1033 1063 1096 virtute
1087 1031 1221 1096 desum:

169 1141 233 1195 tum
251 1125 868 1214 nititunso‘nognificendssinumque
896 1128 1221 1215 perdidieso'exerci-

171 1243 243 1296 tum.
283 1231 362 1296 Cum
382 1236 415 1296 in
439 1233 582 1314 captivos
609 1233 832 1296 saeviretur'a
854 1230 1039 1321 Germanis,
1069 1224 1237 1316 praeclari

169 1332 316 1396 iocinoris
340 1341 448 1396 auctor
464 1333 521 1396 fuit
540 1332 659 1396 Caldus
679 1332 822 1416 Coelius,
854 1353 894 1399 ac
912 1344 1069 1399 vetustate
1087 1334 1221 1397 familiae

170 1453 248 1498 suae
267 1435 458 1517 dignissimi:
478 1435 531 1516 qui
549 1437 732 1517 complexus
751 1443 947 1522 catenarum3
966 1437 1221 1518 quibus'vinotns
1276 1451 1284 1507 ζ

170 1545 264 1616 erut5⁴
277 1537 393 1598 seriem
411 1538 454 1599 ita
472 1536 556 1600 illisit
574 1537 684 1619 capiti,
714 1545 749 1602 ut
765 1537 911 1619 protinus·
924 1539 1221 1620 paritor-sauguinis

169 1637 353 1722 cerebrique
373 1637 500 1700 effluvio
517 1639 713 1720 exspiraret*

243 1794 364 1858 Eadem
383 1803 415 1857 et
432 1795 555 1858 fortuna
573 1804 605 1857 ct
623 1793 743 1880 virtus,
774 1796 929 1876 impressa
956 1784 1058 1858 animo
1083 1793 1292 1876 impera-'121

169 1897 245 1959 toris
266 1895 398 1973 Tiberii,
417 1894 621 1976 subsequenti
640 1902 780 1976 tempore
800 1895 875 1981 tuit,
903 1896 985 1978 q'ude
1003 1896 1090 1959 initio
1106 1887 1222 1960 dierat:

169 1995 239 2079 qui,
259 1997 426 2058 concussis
444 1995 580 2059 hostium
598 1995 717 2082 piribus
736 1998 881 2061 classicis
899 1997 1100 2080 peditumque
1119 2017 1222 2082 expe·

170 2094 345 2189 ditionibus,
364 2115 436 2160 cum
455 2115 509 2159 res
530 2096 698 2170 Galliarum
716 2099 870 2162 maximae
882 2098 984 2188 molis,
1003 2118 1238 2180 accensasque·

168 2199 269 2279 plebis
288 2197 517 2261 Viennensium
538 2197 757 2282 dissensiones,
788 2200 977 2263 coercitione
1001 2200 1105 2279 magis
1130 2217 1222 2279 quam

168 2318 270 2380 poena
288 2299 457 2384 mollisset,
487 2307 518 2362 et
537 2309 666 2363 senatus
690 2301 886 2381 populusque
905 2299 1015 2381 Rom„
1046 2299 1221 2382 postulante

168 2409 256 2481 patre
277 2399 368 2490 ejus,
399 2411 436 2463 ut
454 2421 587 2480 aequum
604 2402 705 2472 eijoe
724 2407 758 2459 in
778 2401 917 2458 omnibus
933 2402 1103 2472 provinciis
1121 2417 1221 2458 ccreo-

169 2505 341 2578 citibueque
370 2511 469 2579 esset,
499 2519 593 2576 quom
622 2509 692 2560 crat
718 2499 793 2576 ipsi,
825 2495 858 2557 id
886 2495 1013 2558 decreto
1038 2496 1222 2577 complexus

169 2607 259 2662 essct
278 2599 409 2680 (etenim
432 2598 598 2661 absurdum
619 2607 703 2683 erat,
721 2618 783 2661 non
809 2615 884 2660 esse
906 2597 964 2660 sub
983 2597 1060 2682 illo,r
1080 2616 1161 2680 quae
1182 2583 1221 2660 ab

102 2707 105 2716 “
171 2701 225 2764 illo
242 2700 492 2783 vindicabantur,
520 2701 622 2782 etqui
647 2698 689 2761 od
717 2693 807 2782 opem
828 2697 988 2760 ferendam
1005 2698 1123 2780 primus
1144 2708 1220 2782 erat,

168 2991 246 3062 libris
252 3026 261 3073 3
282 3023 335 3072 qua
353 3011 387 3061 de
403 3023 435 3060 re
452 2993 637 3062 olim'nos'ad
653 3013 755 3075 Fiant,
781 2998 857 3074 Capi.
877 2994 944 3070 prol.
962 3007 988 3055 8.
1006 2997 1134 3058 et'Mercss
1151 3009 1219 3071 prol.

171 3099 214 3148 16.
233 3089 269 3147 ct.
284 3099 397 3148 Phaedr.
412 3099 474 3148 tab:
485 3097 510 3164 1,
525 3097 575 3165 at,
592 3097 646 3163 12„
666 3099 712 3150 ubi
731 3095 791 3148 cuni
808 3098 917 3158 legatur
931 3093 1010 3158 serre
1027 3097 1112 3164 certe,
1131 3091 1222 3149 otiosa

170 3189 200 3238 et
215 3187 307 3249 inepto
323 3185 386 3236 loco
403 3187 491 3248 posita
510 3198 580 3236 voce
594 3187 689 3252 certe,·
712 3185 883 3236 scribendum
906 3183 993 3236 videri
1016 3182 1095 3246 ferre
1120 3199 1220 3238 ecem·

75 3315 78 3320 ,
171 3277 247 3338 tum,
265 3273 312 3324 vel
328 3274 473 3336 insertum,
490 3273 642 3336 significari
663 3274 796 3341 inpallera
813 3277 855 3324 ed.
873 3276 1046 3339 Desbillonii,
1067 3277 1096 3328 et
1112 3279 1141 3327 in
1159 3288 1221 3326 mea

171 3363 255 3428 ipsius
272 3361 335 3425 illa,
361 3374 430 3422 quae
454 3373 540 3424 nuper
558 3374 659 3412 excusa
680 3366 723 3412 est
740 3364 923 3414 sobolibusac.
954 3364 1019 3432 isti,
1038 3367 1169 3415 Arminio.
1184 3383 1219 3400 -

170 3450 233 3501 tute.
254 3449 325 3499 cone
354 3449 415 3498 utta.
438 3449 524 3498 auen.
553 3452 582 3499 et
603 3449 687 3514 nugo
714 3451 790 3501 eod:
817 3451 868 3504 nsi.
896 3477 931 3486 —
953 3441 1038 3504 neeri
1065 3449 1218 3518 pecunct-

170 3551 237 3603 quc,
272 3550 323 3602 que
356 3539 458 3586 temere
488 3534 643 3601 medicato,
671 3540 743 3589 sicut
776 3541 882 3601 passim.
917 3541 952 3590 cs.
975 3530 1039 3592 10'7.
1064 3565 1099 3576 -
1131 3550 1167 3587 ac
1183 3559 1219 3573 ·-

170 3623 331 3691 dioniseimi.
356 3627 429 3674 cod:
455 3626 493 3676 ad
511 3626 677 3676 vetustatem
699 3623 721 3689 f.
741 3640 763 3676 s.
789 3627 971 3693 dipel-enimus.
993 3641 1075 3693 suae,
1096 3619 1164 3687 ejus.
1183 3627 1221 3661 -'

170 3713 297 3764 mendose
313 3713 384 3762 idem
401 3714 480 3775 atque
495 3713 679 3777 ineleganter:
697 3713 805 3782 seriem,
823 3715 865 3767 ita
880 3715 947 3768 illas
963 3713 1044 3765 illisit
1060 3712 1218 3777 copitieuo.

169 3803 237 3854 illos
257 3803 343 3850 ortum
360 3813 394 3850 ex
410 3799 529 3850 illis-.
558 3825 593 3835 -
626 3799 734 3867 effluvio
754 3803 827 3864 Lips.
851 3816 900 3868 pro
918 3800 1038 3869 inflacio.
1055 3804 1147 3850 notum
1167 3803 1219 3863 est,

171 3891 219 3941 bas
235 3890 449 3954 praepositiones
466 3889 630 3950 permisceri.
946 3872 949 3876 ’
1147 3875 1155 3892 Χ
1233 3885 1235 3890 ’

238 4021 298 4072 lat.
334 4021 419 4072 codex
436 4022 563 4072 mendose
580 4023 609 4072 et
634 4018 754 4086 trajectis
775 4021 881 4072 uerbis:
907 4013 1016 4070 Eadem
1031 4009 1060 4070 'et
1081 4017 1175 4070 virtus
1190 4019 1220 4070 et

172 4104 239 4170 fort.
257 4109 328 4162 eobo.
348 4111 470 4173 tempore
488 4107 616 4175 inpressa
638 4111 758 4162 animam
780 4109 846 4171 imp:
870 4103 926 4157 Tib.
946 4105 1009 4171 suit.
1033 4129 1068 4144 ·-
1091 4107 1218 4160 cluedeie

175 4196 269 4256 eoped.
275 4230 287 4262 ‚
301 4208 355 4248 non
367 4195 472 4248 virilem
485 4199 568 4248 close.
584 4221 618 4232 -
634 4199 664 4249 id
678 4199 788 4250 decreto
800 4197 854 4244 eto.
870 4195 1038 4246 desideratur
1050 4195 1080 4248 id
1092 4187 1215 4258 inlibris,

151 4285 153 4292 ’
175 4280 292 4346 raptum
309 4285 386 4349 puto,
403 4294 421 4333 a
436 4281 537 4331 litteris
555 4285 744 4361 contererimus
757 4291 810 4345 quo
821 4287 931 4348 recepto
949 4285 1036 4336 oratio
1054 4283 1122 4334 nibil·
1135 4285 1216 4335 babet
