2998 4896
602 367 703 416 ursa.
735 369 770 416 u.
798 370 840 416 11.
1205 344 1251 416 tit
1289 369 1290 374 ¹

196 515 371 596 caliginem.
410 513 483 574 lam
504 529 606 592 paene
626 529 896 591 supervacaneum
917 513 1016 576 videri
1030 523 1149 598 potest,
1170 516 1251 576 emi·

195 616 332 680 nentium
357 614 553 693 ingeniorum
580 621 689 673 notare
718 621 867 693 tempora.
907 612 987 691 Quis
1018 614 1101 675 enim
1129 617 1279 696 ignorat·

195 717 366 798 diremptos
386 712 537 794 gradibus
565 713 677 782 aetatis
699 712 844 775 floruisse
867 715 930 778 hoc
951 725 1092 796 tempere
1117 715 1252 778 Cicero-

193 839 282 904 nem,
303 815 520 894 Hortensium3
547 831 690 894 saneque
711 814 880 900 Crassum,
901 815 1045 899 Cottam,
1065 817 1253 897 Sulpicinm3

193 938 331 1000 moxque
348 918 494 996 Brutum,
514 914 677 999 Calidium,
697 914 851 999 Coelium,
873 917 1017 1000 Calvum,
1036 927 1068 980 et
1080 919 1253 999 proximum

195 1021 342 1086 Ciceroni
362 1017 549 1095 Caesarem3
569 1034 740 1097 eorumque
759 1018 847 1080 velut
865 1020 1007 1082 alumnos
1027 1019 1197 1082 Corvinum
1214 1031 1272 1082 ae·
1323 1095 1327 1102 ,

193 1121 365 1186 Pollionem
393 1118 554 1199 Asinium,
584 1117 802 1199 aemulumque
831 1120 1026 1202 Thucydidis
1053 1122 1252 1201 Sallustium3

195 1230 405 1302 auctoresque
425 1219 593 1281 carminum
613 1217 791 1279 Varronem
807 1229 840 1281 et
852 1221 1050 1304 Lucretium,
1073 1240 1178 1303 neque
1191 1223 1254 1283 ullo

195 1323 226 1384 iu
246 1331 397 1402 suscepto
424 1320 528 1402 operis
548 1320 599 1381 sui
620 1319 742 1381 tramite
759 1321 910 1381 minorem
934 1321 1097 1384 Catullum.
1146 1321 1254 1382 Paene

195 1425 290 1486 stulta
308 1431 359 1484 est
374 1422 598 1484 inhaerentium
621 1422 721 1483 oeulis
737 1421 933 1503 ingeniorum
950 1423 1154 1503 enumeratio,
1174 1425 1254 1484 iuter

196 1543 278 1606 quae
311 1523 445 1606 proximi
476 1533 583 1586 nostro
614 1537 696 1584 aevo
727 1524 864 1584 eminent
898 1523 1045 1604 princeps
1083 1524 1253 1586 carminum

195 1626 367 1710 Virgilius,
399 1625 625 1709 Rabiriusque,
656 1633 688 1686 et
717 1633 909 1687 consecutus
930 1625 1111 1687 Sallustium
1131 1625 1255 1710 liniue,
1292 1615 1296 1634 ¹

195 1727 397 1809 'libidineque
430 1736 462 1788 et
490 1727 600 1811 Naso,
633 1725 856 1806 perfectissimi
882 1726 914 1787 in
941 1725 1041 1788 forma
1069 1717 1176 1808 op'eris
1194 1728 1254 1788 sui.

195 1831 279 1891 Nam
293 1830 437 1890 rivorum
452 1836 485 1890 ut
497 1845 613 1908 magna
633 1827 813 1910 aemulatio,
831 1828 874 1888 ita
887 1845 1022 1890 censura
1040 1827 1175 1890 difficilis
1193 1837 1253 1888 est.

271 1929 353 1992 Dum
381 1929 462 1992 liaeo
489 1930 522 1990 in
541 1927 617 1989 urbe
636 1929 786 2008 Italiaque
809 1938 976 2013 geruntur,
1004 1929 1062 1991 Cn.
1084 1916 1306 2010 Pompejus37

195 2029 394 2090 memorabile
424 2030 582 2090 adversus
601 2028 828 2110 Mithridatem,
861 2031 913 2112 qui
939 2040 1011 2112 post
1029 2031 1153 2093 Luculli
1177 2049 1254 2112 pro-

195 2131 363 2193 fectionem
379 2148 513 2213 magnas
527 2131 602 2191 novi
615 2132 775 2192 exereitus
794 2131 882 2191 vires
905 2139 1121 2212 reparaverat,
1141 2131 1255 2194 bollum

195 2234 310 2312 gessit.
348 2233 392 2293 At
404 2249 473 2314 rex,
492 2231 787 2314 fususfugatusque
807 2241 839 2294 et
852 2233 994 2294 omuibus
1010 2241 1124 2302 exutus
1143 2233 1255 2312 copiis,

195 2335 377 2396 Armeniam
400 2335 632 2415 Tigranemque
648 2351 742 2395 socer
759 2333 852 2414 petit,
879 2351 990 2414 regem
1010 2331 1080 2411 ejus
1104 2333 1254 2412 temporis

158 2465 162 2472 -
188 2436 257 2496 -nisi
279 2455 341 2516 qua
355 2436 477 2498 huculli
494 2437 589 2496 armis
603 2443 670 2496 erat
687 2422 854 2510 infractus,
873 2431 1134 2511 potentissimum.
1154 2433 1255 2494 Simul

195 2535 300 2613 itaque
317 2533 397 2594 dnos
412 2542 606 2614 persecutus
616 2533 786 2614 Pompejus
805 2532 931 2594 intravit
947 2532 1139 2594 Armeniam.
1164 2533 1253 2594 Prior

195 2633 279 2696 iilius
299 2633 466 2714 ligranis,
491 2633 550 2694 sed
569 2633 693 2696 discors
710 2636 806 2713 patri,
832 2633 976 2713 pervenit
992 2631 1033 2693 ad
1053 2633 1253 2714 Pompejum3

195 2751 270 2797 mox
291 2736 362 2816 ipse
382 2736 517 2816 supplex
548 2744 580 2797 et
602 2751 757 2812 praeseus
776 2753 815 2796 se
834 2753 1030 2816 regnumque
1047 2733 1161 2798 ditioni
1184 2735 1254 2817 ejus

195 2960 267 3006 bites
284 2960 317 3007 alr
336 2959 427 3006 aliene
445 2971 524 3006 manu
543 2963 663 3008 assutum
681 2973 751 3009 csse.
775 2984 809 2992 —
837 2955 885 3021 [et
901 2961 1007 3009 ardore
1022 2983 1057 2992 -
1072 2956 1171 3021 feeit]
1187 2959 1255 3007 haee

197 3048 292 3094 codem
310 3048 418 3094 nomine
444 3049 665 3106 reprehendenda
689 3052 769 3110 sunt,
796 3059 848 3095 nee
873 3046 984 3107 placent
1012 3043 1176 3110 κακόφωνα
1201 3048 1256 3096 ista

197 3136 296 3183 ardore
325 3134 383 3183 oris
408 3134 568 3182 orationem.
597 3158 633 3167 -
654 3136 736 3184 notas
762 3134 836 3183 odiit.
861 3135 943 3182 ordo:
961 3133 1000 3186 At
1019 3133 1082 3184 Get.
1100 3139 1183 3186 notae
1199 3149 1255 3187 non

195 3221 306 3286 sequius
331 3221 399 3271 odiit
423 3225 475 3270 ete.
500 3223 600 3287 notus,
628 3233 679 3284 quo
703 3230 786 3272 sensu
809 3216 895 3284 judex
919 3221 1019 3272 dieitur
1045 3236 1104 3274 rem
1128 3237 1253 3276 noscere.

198 3310 291 3358 cedd:
321 3312 389 3359 noto
407 3311 500 3370 (note)
520 3309 602 3377 odiit,
631 3324 650 3360 o
676 3315 703 3359 et
726 3325 759 3360 ce
776 3311 932 3373 permixtis,
954 3312 1172 3370 quemadmodum
1189 3311 1253 3375 pri·

196 3398 281 3446 oetas
298 3409 347 3458 pro
366 3396 482 3458 privato
499 3397 601 3460 legitur
612 3397 656 3446 te.
674 3402 702 3447 et
720 3400 816 3448 eontra
832 3398 893 3446 ulla
909 3410 959 3460 pro
974 3400 1049 3448 allas
1065 3397 1111 3447 47.
1131 3400 1181 3450 Or:
1199 3411 1254 3448 noa

198 3499 219 3534 s.
242 3497 292 3533 suo
310 3486 375 3534 voto
393 3485 467 3534 odiit.
484 3475 546 3534 lin:
567 3499 622 3536 aon
639 3499 661 3535 e.
680 3488 746 3535 coto
762 3485 836 3536 olriit.
855 3511 890 3520 -
907 3487 956 3536 salt
974 3486 1080 3554 clipeo,
1098 3489 1148 3538 sub
1163 3477 1254 3534 armisss

196 3573 276 3635 libri,
295 3574 465 3622 commutatis
482 3574 554 3622 inter
571 3586 602 3622 se
617 3573 718 3624 litteris
736 3573 905 3634 syllabarum
920 3575 1084 3637 mideltona,
1103 3574 1172 3634 quod
1185 3573 1254 3622 hauri

197 3673 260 3710 raro
279 3661 396 3709 accidit:
415 3660 552 3724 supplicio
569 3662 702 3714 reddidit.
719 3664 755 3712 ei.
776 3661 819 3710 52.

267 3749 312 3795 36.
347 3747 377 3797 ira
393 3752 521 3812 suscepte
539 3763 582 3812 ep.
600 3765 623 3799 s.
636 3749 758 3801 tremite.
777 3751 868 3801 codd:
889 3753 918 3802 in
930 3750 1053 3815 suscepti
1069 3771 1105 3784 -
1122 3748 1254 3800 carmine.

197 3841 325 3901 suscepto
343 3836 474 3902 tremite,
502 3840 531 3886 ut
548 3839 662 3902 itinere,
688 3851 780 3890 eumn.
805 3863 840 3876 ·-
865 3839 989 3903 proeimi
1007 3837 1177 3886 scribendum
1194 3849 1255 3886 esse

198 3928 266 3975 vidit
284 3925 330 3975 Or.
349 3937 399 3988 pro
417 3925 543 3976 maeimi.
566 3951 600 3960 -
628 3929 786 3980 aemulatio.
805 3928 876 3978 male
896 3929 987 3976 codd:
1007 3922 1179 3992 admiratio,
1195 3936 1255 3976 eam

198 4014 363 4076 contraisti,
392 4017 531 4078 magisque
548 4015 646 4074 vulgus
664 4017 791 4066 admirari
809 4016 899 4066 soleat
925 4016 1046 4068 mortuos
1064 4022 1141 4072 quam
1159 4014 1254 4062 vivos:

200 4113 252 4160 qua
267 4105 301 4153 de
319 4114 350 4151 re
368 4102 513 4152 multorum
530 4107 625 4153 extant
640 4101 973 4155 decantataesententine.
990 4100 1039 4148 sed
1051 4100 1150 4150 aemuli
1162 4113 1256 4152 aeniu-

200 4186 243 4235 lee
259 4188 365 4240 laudari
381 4190 493 4241 nolunt:
512 4193 575 4240 trine
593 4195 768 4253 utrorumque
786 4198 902 4238 censura
919 4186 1039 4236 difficilis
1057 4191 1108 4239 est.

269 4277 314 4323 ³7.
350 4293 438 4330 socer.
464 4292 605 4342 perperam
622 4280 700 4331 libri:
730 4289 872 4341 enemim,
899 4276 944 4337 qui
969 4288 1053 4338 gener
1078 4279 1129 4346 mit
1146 4279 1257 4328 Mithri
1303 4321 1309 4344 ,

239 4363 299 4402 t'rer.
1004 4366 1024 4425 4
