2990 4894
249 363 321 438 130
693 383 854 434 venusti

195 591 197 598 .
249 539 339 598 uatus
362 529 528 611 populique
547 526 637 590 Rom.
659 533 718 606 cst,
738 525 875 612 putandi,
895 525 977 607 quoi
998 528 1141 627 optimum
1157 529 1209 615 sit,
1230 548 1307 594 esse

250 631 484 698 nobilissimum.
519 629 605 690 Nom
625 635 658 690 et
675 628 718 688 illi
734 627 941 708 antiquiraute
952 631 1096 707 primum
1108 626 1221 690 billum
1238 631 1307 693 Pu-

249 734 374 815 nicum,
404 729 527 792 sumno
545 735 644 796 anuos
670 727 773 810 CCC,
801 729 851 790 'ii-
877 727 1124 807 Coruncanium,
1150 721 1307 794 bomiueni

249 849 383 916 uovum,
403 848 474 893 oum
492 828 562 891 aliis
577 827 717 891 omnibus
730 826 923 917 honoribus,
944 835 1007 889 tum
1024 827 1201 909 pontificatu
1212 831 1306 892 etiam

249 933 406 1013 maximo,
422 930 463 992 ad
481 929 650 1011 principale
673 929 815 990 extulero
834 927 1008 1009 fastigium,
1030 937 1063 990 et
1083 930 1304 1011 equestri'loco

249 1043 353 1096 natum
374 1033 432 1112 Sp.
451 1030 637 1114 Carvilium,
663 1039 695 1091 et
718 1045 792 1090 mox
805 1026 1048 1106 ‘lii-Catonem,
1076 1041 1192 1092 novum
1217 1031 1304 1092 etiam

215 1197 217 1208 ,
249 1133 387 1196 Tusculo
414 1132 510 1194 Urbis
535 1132 732 1214 inquilinum,
757 1127 1014 1210 Mummiumque
1046 1128 1222 1192 Achaicum
1233 1132 1247 1214 ,'
1277 1131 1307 1192 in

248 1235 451 1315 consulatus,
467 1239 637 1296 {censuras
667 1240 710 1294 et.
725 1229 915 1311 triumphos,
947 1233 1143 1312 prouexe'r05
1171 1240 1224 1313 et,
1256 1234 1310 1313 qui

252 1334 288 1398 (3.
309 1335 461 1420 Marium,
480 1335 606 1415 ignotae
627 1332 768 1415 originis,
785 1348 887 1413 usque
909 1330 950 1392 ari
969 1333 1310 1396 sextumconsulatum

247 1436 321 1498 sine
341 1435 528 1498 dubitatione
544 1433 677 1495 Romani
692 1432 826 1494 nominis
847 1431 1189 1516 babuere'priuaipem3
1211 1433 1311 1512 etqui

250 1538 296 1598 ni.
316 1536 415 1598 Tullio
434 1545 549 1598 tantum
570 1534 723 1616 tribuere,
742 1542 776 1596 ut
790 1550 892 1612 peona
913 1534 1124 1596 assectatione
1143 1541 1217 1619 sua,
1238 1535 1311 1617 qui·-

251 1639 310 1700 bus
336 1637 449 1722 vellet,
486 1637 689 1720 principatum
721 1633 920 1714 conciliaret3
954 1635 1068 1716 quique
1101 1633 1175 1696 nihil
1198 1635 1310 1696 Asinio

251 1738 381 1800 Pollioni
397 1745 609 1821 negaverunt,
635 1736 719 1819 quod
738 1735 939 1804 nobilissimis
955 1738 1076 1797 summo
1096 1737 1169 1797 cuni
1192 1733 1308 1799 sudore

247 1839 518 1920 >consequentium
540 1837 633 1900 foret:
664 1836 804 1918 proiecto
832 1838 893 1901 lroc
922 1845 1106 1921 senserunt,
1136 1837 1178 1898 iu,
1191 1835 1308 1914 cujus-

252 1957 376 2018 cunque
389 1939 491 1998 animo
510 1938 610 1999 virtus
627 1937 759 2020 inesset,
779 1939 809 1999 ei
828 1937 993 2018 plurimum
1013 1955 1090 1999 esse
1106 1933 1309 2001 tribuentium.

251 2038 342 2098 Haec
361 2035 517 2106 naturalis
535 2037 684 2114 exempli:
698 2038 824 2099 imitatio
849 2040 889 2100 ad
913 2037 1135 2120 experientium
1160 2038 1310 2119 Sejapum

251 2135 441 2220 Caesarem,
460 2133 500 2196 ati
516 2133 658 2213 juvanda
676 2153 758 2198 vero
776 2149 872 2216 opera
890 2140 1046 2221 Principis
1067 2139 1219 2219 Seianum
1233 2159 1310 2221 per-

132 2227 138 2238 ’
252 2237 343 2318 culit3
362 2243 567 2310 senatumque
587 2243 619 2296 at
638 2253 709 2315 pop.
729 2234 821 2315 Rom.
841 2253 881 2296 eo
899 2238 1062 2318 perduxit,
1080 2243 1129 2320 ut,
1149 2239 1232 2321 quod
1250 2256 1310 2302 usu

213 2389 215 2394 .
252 2335 580 2420 optimumintetiigit,
601 2334 645 2398 *id
666 2337 698 2398 in
723 2337 847 2399 tutelam
870 2336 1047 2399 securitatis
1078 2355 1156 2400 suae
1180 2337 1310 2400 libenter

248 2437 411 2502 advocet·
723 2491 725 2498 ,
769 2505 771 2512 ¹
921 2487 947 2494 ..

184 2546 244 2612 129
331 2538 413 2619 Sed,
433 2538 591 2618 proposita
611 2541 700 2621 quasi
720 2540 868 2604 universa
891 2539 1081 2622 principatus
1096 2540 1144 2602 ui.
1160 2539 1310 2602 Caesaris

251 2774 620 2852 principen'inteliigonouui
631 2790 741 2852 jndicio
752 2769 793 2842 ¹en
812 2805 881 2844 voce
895 2791 1021 2856 jndicio,
1040 2803 1108 2851 quae
1121 2791 1264 2840 antecedit.
1273 2815 1306 2826 —

252 2875 291 2926 iti.
312 2874 411 2926 nectito.
430 2876 472 2925 lta
492 2876 599 2936 liipsius
615 2889 665 2938 pro
682 2881 718 2926 Μ.
736 2878 844 2929 Fulvio.
872 2902 906 2914 -
930 2877 1124 2929 assectatione.
1150 2877 1228 2929 libri:
1253 2881 1308 2930 ad-

253 2962 408 3036 sectatione
413 2998 425 3031 ,
449 2965 477 3012 in
495 2977 547 3028 quo
565 2976 619 3018 non
636 2966 719 3014 miror
734 2966 856 3016 haesisse
873 2966 1002 3029 lipsium.
1029 2979 1081 3018 nec
1100 2970 1189 3026 mmep
1206 2979 1309 3029 ponen-

253 3050 313 3100 dom
325 3054 402 3118 ,erat
418 3055 448 3102 ut
459 3052 501 3102 iiii
518 3053 616 3118 visum,
630 3052 792 3106 'msensione
808 3054 854 3108 rel
867 3055 1032 3124 assertione,
1050 3057 1099 3107 seri
1111 3056 1311 3112 assectatione:

252 3148 313 3200 uam
331 3142 486 3190 assectator
501 3140 669 3191 voluntarius
686 3143 740 3192 iuit
757 3139 855 3193 Cicero
883 3139 1005 3207 Pompeji
1030 3146 1058 3194 et
1079 3142 1228 3209 ‘Caesaris
1256 3156 1310 3198 uon

245 3225 415 3296 assentator.
434 3242 460 3276 v.
479 3228 588 3278 Ernest.
609 3226 687 3292 tiles.
707 3227 763 3296 Cic.
782 3243 810 3280 r.
827 3232 992 3284 Asseotatio.
1008 3257 1043 3268 -
1058 3232 1247 3296 principatum
1262 3234 1309 3282 tir.

253 3312 324 3364 iiber
332 3313 476 3366 inusitate:
489 3319 633 3380 pr-tns.
650 3342 684 3352 -
700 3319 834 3384 perculit,
846 3319 967 3384 impulit,
984 3321 1202 3382 quemadmodum
1211 3319 1311 3372 Florus

244 3398 362 3472 ,1,,1111
379 3401 460 3454 Hanc
477 3406 564 3470 tanta,
578 3404 766 3468 odntiratione
780 3407 922 3474 perculit,
941 3411 973 3464 art
990 3410 1056 3471 cinq
1078 3403 1219 3472 ‚Apuleius
1229 3410 1310 3472 ¹tipo-

253 3488 311 3554 log.
339 3503 364 3553 p.
379 3488 448 3553 esi,
479 3488 520 3540 io.
542 3493 585 3542 ed.
611 3492 746 3546 itinere:
782 3496 912 3548 Velamen
937 3497 1024 3548 nutis
1049 3498 1088 3550 ad
1112 3495 1310 3560 turpitudinem

243 3573 375 3642 ,stimrelie
388 3579 435 3630 vel
451 3576 590 3650 illecebris
607 3584 766 3646 sectatores
780 3597 845 3638 snos
861 3586 1058 3649 percellentem
1077 3586 1128 3641 etc..
1146 3583 1224 3636 iibri:
1238 3597 1309 3648 pro·

254 3665 329 3719 tulit.
348 3668 412 3717 ΚΜ
428 3665 558 3733 perpulit.
1140 3719 1142 3726 .

321 3752 383 3803 129.
416 3753 518 3822 sipara
541 3756 616 3806 coc:
635 3775 669 3792 -·
687 3755 835 3828 Caesarie,
860 3759 973 3828 einpuln
996 3773 1051 3812 reo.
1080 3761 1187 3813 scillcet
1214 3769 1307 3812 voces

230 3891 234 3904 ,
253 3839 348 3906 Maro
374 3842 471 3893 similis
490 3839 582 3910 sipoto
599 3842 777 3896 oblitteravit.
795 3847 866 3898 maie
878 3848 963 3899 iiien.
984 3848 1099 3911 otiique:
1115 3848 1220 3916 sorana,
1233 3844 1309 3908 qonsi

254 3925 306 3978 buc
323 3932 459 3992 pertineat
476 3931 637 3996 vocabulum
657 3930 796 3999 formant,
825 3937 895 3997 quoti
921 3936 1001 3988 babet
1025 3936 1097 3990 liber
1123 3939 1151 3992 in
1174 3931 1308 4001 proximis,

255 4024 315 4064 cum
330 4019 369 4069 ibi
387 4019 531 4086 legendum
555 4022 592 4072 sit
607 4020 737 4088 Romam,
762 4024 878 4074 auctore
903 4023 1005 4086 Lipslo.
1035 4025 1106 4086 quod
1130 4028 1165 4078 att
1190 4020 1307 4074 positam

255 4101 324 4150 iane
342 4108 556 4158 emendationem
573 4110 684 4173 attinet,
713 4108 746 4158 de
763 4109 819 4158 iet
836 4122 850 4157 s
867 4109 989 4158 eonfflsis
1007 4112 1063 4163 riixi
1080 4113 1108 4162 in
1125 4109 1307 4176 superioribus

256 4189 290 4240 ad
308 4199 331 4240 c.
350 4189 409 4242 iis.
435 4197 462 4242 et
489 4194 552 4262 olim
579 4198 613 4247 ad
631 4197 718 4248 Pinut.
737 4195 813 4262 (ispi.
832 4195 886 4248 tos
907 4201 937 4248 el
964 4199 1135 4265 ’11115825
1163 4199 1308 4259 permutari

249 4282 344 4348 ,auten
362 4288 549 4343 nonuunquam
570 4283 586 4334 l
608 4287 634 4333 ot
661 4285 813 4352 riitterns,
840 4287 999 4342 ‹ioeumento
1026 4293 1067 4342 est
1088 4287 1203 4340 Pineilri
1229 4285 1306 4340 locris
