2998 4896
249 345 296 418 td
698 367 860 418 risurum

251 519 313 576 tate
341 507 487 572 diffusum
514 509 703 595 conficeret,
736 510 886 592 reliquias
913 527 1019 572 eorum
1041 513 1250 601 contractas[‚
1281 517 1313 581 in

250 608 395 692 urbibus,
415 617 599 693 remotoque
621 629 641 672 s
659 612 737 672 mari
756 613 860 699 loco‚]
885 612 917 673 irr
938 619 1024 674 certa
1042 611 1121 673 sede
1141 617 1311 682 constituit.

252 713 334 776 Sunt
360 712 413 792 qui
428 713 490 776 hoo
514 718 659 790 carpant3
685 710 745 771 sed
768 729 840 773 cum
867 712 899 772 in
922 719 1050 774 auctore
1073 712 1151 774 satis
1178 716 1310 778 rationis

251 824 318 901 est,
337 824 402 876 tum
421 814 498 876 ratio
522 810 690 893 quemlibet
708 827 856 892 magnum
883 821 1044 874 auctorem
1069 811 1202 877 iaceret:
1239 817 1310 881 date

250 916 335 978 enim
355 913 502 976 facultate
520 912 591 974 siue
607 920 694 991 rapto
714 909 845 974 vivendi
863 913 981 991 rapinis
1005 914 1115 978 arcuit.

199 1026 241 1093 33
328 1014 409 1076 Cum
430 1022 520 1077 esset
538 1013 570 1074 in
590 1013 653 1075 fine
674 1013 787 1076 bellum
804 1013 1063 1096 Mithridaticum,
1085 1026 1117 1079 et
1136 1018 1174 1078 11.
1193 1017 1309 1081 Lucul-

250 1118 299 1179 lus
320 1117 482 1198 (quiante
503 1124 762 1196 septemannos,
784 1131 826 1174 ex
847 1113 927 1176 Cos.
947 1115 1076 1178 sortitus
1098 1117 1227 1198 Asiam,
1246 1121 1310 1180 bli-

251 1215 374 1281 tbridati
397 1219 560 1299 oppositus
582 1226 664 1301 erat,
689 1231 885 1295 magnasque
905 1232 943 1275 ac
961 1218 1182 1281 memorabiles
1203 1239 1256 1282 res
1272 1221 1313 1282 ibi

250 1328 413 1402 gesserat:
434 1319 645 1381 Mithridatem
664 1333 761 1393 saepe
783 1315 888 1376 multis
909 1315 989 1376 loeis
1011 1315 1150 1401 luderat3
1180 1322 1312 1404 egregia

250 1420 408 1507 Cyzicum
427 1419 572 1478 liberarat
600 1415 746 1494 victoria;
779 1414 968 1499 limacem,
1000 1435 1110 1500 regum
1133 1423 1313 1506 maximum,

250 1519 280 1578 in
302 1516 454 1600 Armenia
475 1513 610 1594 vleerat3
629 1514 830 1596 ultimamque
854 1516 934 1578 bello
952 1535 1077 1581 manum
1093 1537 1195 1599 paene
1208 1529 1314 1604 magis

251 1617 393 1678 noluerat
424 1616 586 1695 immnere
609 1634 702 1697 quam
730 1635 792 1677 non
812 1625 971 1696 potuerat,
1001 1622 1092 1708 quia,
1122 1623 1239 1702 alioqui
1256 1641 1314 1702 per

252 1717 354 1780 omnia
368 1715 530 1778 laudabilis
546 1724 579 1778 et
596 1715 677 1778 bollo
697 1733 799 1796 paene
819 1717 973 1798 invictus,
994 1722 1148 1797 pecuniae
1168 1720 1313 1800 impelle-

249 1819 339 1880 batur
352 1816 515 1897 eupidine)
535 1817 619 1878 idem
633 1816 745 1879 bellum
765 1818 868 1881 adhuc
888 1817 1136 1882 administraret:
1152 1822 1309 1907 Manilius,
1355 1809 1361 1820 ’

251 1916 319 1980 trib.
341 1916 440 1997 pleb„
461 1931 589 1994 semper
613 1917 736 1976 venalis
767 1927 800 1978 et
825 1919 946 1980 alienae
976 1918 1119 1980 minister
1145 1923 1313 2006 potentiue,

251 2016 356 2094 legem
374 2013 456 2095 tulit,
486 2022 523 2072 ct
552 2017 664 2073 bellum
689 2019 935 2076 Mithridaticum
958 2036 1017 2093 per
1047 2022 1102 2078 On.
1132 2024 1315 2098 Pompeium

252 2120 536 2176 administraretur.
577 2113 723 2194 Accepta
741 2131 780 2176 ea
802 2117 927 2196 maguis
942 2125 1093 2180 certatmn
1113 2117 1193 2180 inter
1210 2121 1315 2202 impe·

251 2227 372 2282 ratores
385 2215 512 2297 jurgiis,
532 2233 604 2277 cum
625 2215 796 2295 Pompejus
815 2217 946 2279 Irucrdlo
972 2223 1133 2293 infamiam
1150 2228 1314 2303 pecuniae,
1362 2221 1363 2224 ’

251 2319 402 2382 Lucullus
426 2316 578 2398 Pompejo
601 2323 832 2378 interminorum
857 2324 1056 2394 cupiditatem
1082 2318 1232 2398 objiceret
1253 2327 1314 2380 irn-

249 2427 542 2502 periturumque
568 2417 621 2498 [ab
645 2437 701 2500 eo,
732 2418 785 2500 qui
811 2418 1031 2503 arguebatur,]
1051 2419 1200 2482 mentitus
1225 2419 1317 2500 argui

250 2530 371 2600 posset.
411 2521 496 2580 Nam
521 2537 626 2599 neque
642 2519 830 2604 PompeJ'us,
849 2529 883 2584 ut
902 2520 1034 2600 primum
1062 2519 1103 2582 ad
1125 2539 1192 2582 rem
1210 2519 1314 2600 publi·

253 2637 323 2682 eam
346 2636 525 2698 aggressus
558 2627 625 2703 ert,
656 2639 834 2701 quenquam
857 2622 959 2684 animo
988 2639 1095 2701 parem
1118 2622 1204 2701 tulit,
1234 2622 1318 2683 etin

252 2719 364 2800 quibus
391 2717 487 2779 rebus
516 2717 635 2796 primus
658 2735 736 2779 esse
766 2720 915 2806 debebat,
949 2723 1039 2784 solus
1058 2739 1135 2782 esse
1156 2721 1317 2802 cupiebat3

252 2820 300 2897 (in
319 2819 506 2899 appetendis
525 2818 694 2880 honoribus
714 2816 911 2906 immodicus,
931 2821 963 2881 in
982 2821 1134 2902 gerendis
1153 2841 1315 2884 verecun-

204 2919 208 2928 “
252 2919 412 3007 dissimus7
433 2921 538 3002 utqui
558 2937 615 2984 eos
635 2930 669 2983 ut
687 2921 895 2982 libentissime
914 2921 1017 3004 iniret,
1037 2923 1079 2984 ita
1097 2922 1200 2985 liniret
1212 2939 1315 3005 aequo

252 3021 371 3106 animo,
393 3031 434 3105 et,
455 3024 538 3106 quod
560 3023 728 3108 cupiisset,
749 3021 873 3084 arbitrio
888 3039 946 3086 suo
960 3031 1116 3108 sumeret,
1135 3025 1236 3086 alieno
1256 3022 1317 3083 de-

252 3131 398 3202 poneret3
433 3143 538 3206 nequo
564 3144 604 3187 eo
623 3126 692 3192 viro
713 3124 879 3207 quisquam
907 3134 961 3188 aut
988 3125 1048 3187 elia
1076 3125 1178 3187 omnia
1202 3123 1317 3205 minus,

253 3369 401 3433 permultis
412 3369 442 3419 in
451 3372 529 3422 iocis.
545 3375 637 3422 codd:
650 3373 773 3425 mettica
787 3369 867 3439 (i,a)
878 3371 955 3422 locis.
970 3395 1005 3406 —
1019 3369 1319 3434 [inertibus-loco]

256 3457 399 3522 glossema.
417 3481 452 3491 -
471 3472 533 3508 cum
553 3460 583 3508 in
597 3463 722 3512 erectore.
740 3460 815 3511 libri:
835 3471 993 3525 quanquam
1010 3459 1040 3510 in
1053 3475 1079 3510 a.
1098 3463 1147 3510 sed
1159 3470 1317 3525 quanquam

259 3545 360 3598 falsum
376 3545 467 3607 arguit
482 3547 541 3595 tum
558 3558 683 3611 sequens,
703 3549 745 3596 cui
765 3549 836 3609 quod
852 3550 1001 3609 respondet
1019 3559 1081 3596 cum
1098 3548 1170 3595 forte
1184 3549 1212 3594 in
1225 3557 1317 3610 quum,

258 3635 355 3684 deinde
373 3635 401 3682 in
419 3644 501 3698 quarn
519 3636 547 3682 et
567 3644 751 3702 quamquam,
779 3638 911 3685 mutatum
926 3635 1017 3684 tuerit.
1037 3635 1125 3682 miuus
1143 3633 1212 3682 bene
1230 3633 1319 3681 editor

256 3722 355 3785 basil,
385 3733 462 3784 quem
480 3722 530 3770 ulii
546 3723 635 3770 secuti
652 3724 729 3770 sunt:
760 3722 948 3774 :maceratio
967 3725 1019 3772 etc.
1047 3732 1178 3786 murnum
1197 3716 1319 3781 fuceret,

257 3807 423 3876 illustraret,
442 3809 578 3860 celebrem
594 3809 735 3858 reddituro
753 3807 836 3860 esset.-
1265 3869 1269 3881 ,

328 3899 374 3946 ³8.
410 3897 640 3950 Mithridaticum.
670 3897 761 3946 codd:
788 3898 950 3960 piraticum.
974 3897 1129 3947 emendavit
1148 3895 1230 3943 Laur.
1249 3892 1319 3944 Ssu-

258 3981 355 4034 tenius.
391 3989 539 4038 Piratieunr
555 3985 655 4036 bellum
673 3979 731 4047 jam
748 3983 852 4034 finitum
878 3988 955 4050 erat,
989 3996 1049 4034 cum
1074 3981 1203 4033 Manilius
1229 3979 1320 4042 legem

259 4079 335 4120 suam
354 4071 432 4138 turn
461 4076 509 4124 nor
525 4075 681 4126 imminebat
698 4072 918 4122 mrnrroarroom.
947 4096 982 4108 -
1008 4070 1089 4138 qaia,
1108 4066 1221 4133 ortoque.
1244 4055 1346 4116 nen-¹

260 4159 326 4210 dese
344 4157 424 4210 libri:
444 4164 491 4226 qui
507 4166 547 4214 cl.
577 4161 613 4201 ’-
637 4160 840 4226 impellebatar.
863 4162 939 4210 cod:
962 4160 1172 4224 repellebatur,
1188 4157 1260 4206 sient
1277 4151 1321 4218 es-

257 4243 333 4310 [errr‘
350 4259 400 4309 pro
419 4246 523 4311 inferri
540 4251 644 4315 legitur
660 4251 729 4314 opud
746 4249 871 4302 Plautum
887 4251 973 4300 ltere.
986 4246 1049 4298 414.
1067 4247 1107 4296 n:
1126 4245 1322 4308 cremebatur,
