2998 4896
624 373 726 422 mrsu.
754 373 788 420 a.
815 374 857 422 11.
1225 349 1272 422 lt

217 525 269 580 aut
288 515 421 599 gloriam
440 515 544 594 magis
565 514 722 592 concupiit
730 514 755 594 ι)
777 525 808 576 et
820 515 982 601 Lucullus,
1001 533 1141 579 summus
1161 519 1275 600 alioqui

214 619 280 704 vir,
300 617 451 698 profusae
471 613 564 694 hujus
584 614 616 674 in
635 613 788 677 aedificiis
808 616 1069 700 convictibusque
1089 627 1120 681 ct
1139 637 1274 701 appara·

211 720 294 782 tibus
317 718 459 780 luxuriae
479 716 597 795 primus
618 723 725 776 auctor
747 715 819 796 fuit3
849 735 943 798 quem
964 719 1002 780 cb
1022 719 1155 799 injectas
1173 722 1274 783 moles

211 820 331 902 [mari,]
353 827 385 878 et
404 825 567 897 receptum
588 814 735 878 suffossis
752 818 907 880 montibus
926 819 957 880 iu
970 829 1073 882 terras
1090 838 1176 882 mare
1190 821 1274 883 haud

211 921 338 982 inficete
358 918 500 998 Magnus
519 915 689 997 Pompejus
711 922 843 978 Xercen
862 929 1000 995 iocatum
1018 937 1136 984 vocare
1155 939 1273 991 assue-

210 1029 309 1083 verat.

286 1120 350 1182 Per
369 1121 401 1182 id
421 1111 544 1200 tempus
564 1137 584 1181 a
604 1117 644 1196 Q.
663 1104 793 1184 Metello
814 1122 911 1183 Creta
929 1123 1031 1185 insula
1051 1124 1082 1186 in
1102 1126 1207 1205 populi
1231 1126 1271 1189 lt.
1280 1129 1323 1193 34

213 1231 401 1304 potestatem
421 1221 550 1284 redacta
570 1230 634 1302 est;
655 1240 736 1304 quae
757 1220 890 1284 ducibus
908 1223 1032 1285 Panare
1052 1234 1084 1286 et
1102 1225 1274 1311 Lasthene,

213 1323 327 1384 xxiv
358 1321 491 1384 millibus
523 1323 676 1404 juvenum
706 1324 844 1400 coactis,
874 1324 1044 1386 velocitate
1075 1327 1275 1410 pernicibus,

213 1443 368 1486 armorum
388 1423 589 1505 laborumque
608 1425 861 1504 patientissimis,
890 1425 1074 1506 sagittarum
1096 1445 1157 1488 usu
1184 1427 1274 1490 ccle-

122 1593 124 1602 ¹
212 1526 374 1608 berrimis,
411 1545 469 1606 per
500 1525 665 1587 triennium
694 1525 857 1586 Romanos
887 1526 1049 1588 exercitus
1076 1527 1275 1608 fatigaverat.

209 1623 263 1687 Ne
285 1626 323 1687 ab
344 1623 438 1708 hujus
459 1626 584 1708 quidem
602 1643 698 1688 usura
718 1627 839 1705 gloriae
858 1627 1047 1704 temperavit
1065 1630 1199 1690 animum
1213 1628 1273 1691 Cu.

207 1727 395 1813 Pompejus,
415 1728 489 1808 quin
505 1727 657 1790 victoriae
677 1735 797 1810 partem
819 1734 984 1788 conaretur
1002 1727 1173 1790 vindicare.
1203 1729 1272 1791 Sed

210 1836 242 1889 et
261 1828 384 1890 Luculli
413 1837 444 1890 et
464 1827 586 1890 Metelli
613 1827 801 1908 triumphum
833 1844 905 1889 cum
937 1827 1075 1908 ipsorum
1103 1827 1272 1910 singularis

207 1927 325 2008 virtus,
344 1937 407 1992 tum
431 1930 525 1991 ctiam
543 1927 659 1990 invidia
673 1926 832 2011 Pompeji,
852 1927 934 2007 aputl
949 1929 1096 2008 optimum
1114 1947 1271 2011 quemque

207 2027 284 2092 lecit
302 2029 514 2092 favorabilem.
553 2030 616 2092 Per
637 2029 718 2092 haec
738 2037 879 2109 tempora
893 2029 937 2090 Μ.
961 2028 1086 2112 Cicero,
1101 2031 1159 2112 qui
1169 2031 1271 2094 omnia

207 2129 401 2192 incrementa
421 2147 481 2192 suu
503 2129 563 2191 sibi
590 2129 712 2214 debuit,
739 2130 789 2190 vir
807 2130 956 2200 novitatis
979 2131 1209 2217 nobilissimae,
1239 2141 1271 2194 et

207 2241 241 2292 ut
259 2232 466 2312 vita'clarus,
486 2232 528 2293 ita
546 2232 676 2312 ingenio
698 2232 870 2312 marinum
892 2232 944 2312 qui
968 2229 1089 2314 offecit,
1108 2250 1166 2310 ne,
1188 2249 1270 2312 quo-

207 2351 275 2393 rum
294 2351 380 2393 arma
401 2333 597 2412 viceramus,
631 2349 739 2392 eorum
758 2332 886 2413 ingenio
912 2331 1125 2411 vinceremur3
1148 2333 1270 2416 consul,

205 2432 313 2512 Sergii
327 2431 480 2494 Catilinae
498 2429 686 2512 Lentulique
706 2440 738 2492 et
751 2431 889 2510 Cethegi
909 2440 941 2492 et
960 2431 1089 2493 aliorum
1107 2433 1270 2512 utriusque

206 2533 323 2592 ordinis
343 2533 482 2591 virorum
502 2531 747 2610 conjurationem
769 2531 920 2611 singulari
933 2533 1064 2616 virtute,
1084 2533 1269 2616 constantia,

205 2631 334 2714 vigilia,
359 2649 498 2712 curaque
517 2632 640 2711 repulit.
687 2631 821 2693 Catilina
838 2641 924 2693 metu
953 2633 1129 2695 consularis
1148 2633 1270 2712 imerii

207 2733 283 2796 urbe
304 2735 415 2815 pulsus
440 2742 505 2814 est,
543 2733 717 2819 LentuluS,
742 2734 916 2795 consularis
936 2742 968 2795 et
994 2742 1119 2814 praetor
1145 2733 1268 2811 iterum,

207 2831 438 2917 Cethegusque
466 2844 498 2897 et
524 2835 574 2897 alii
607 2835 683 2897 clari
714 2835 849 2897 nominis
882 2833 957 2917 viri,
977 2841 1114 2893 auctore
1146 2841 1267 2916 senatu,

202 2935 298 3015 jussu
315 2936 475 3012 consulis,
496 2935 529 2994 iu
550 2953 679 2996 carcere
698 2937 803 2997 necati
823 2941 905 2995 suut.

279 3036 335 3096 Ille
355 3039 486 3096 senatus
506 3035 591 3116 dies,
612 3054 674 3113 quo
693 3035 774 3095 haec
795 3042 866 3094 acta
883 3042 966 3112 sunt,
985 3033 1132 3094 virtutem
1141 3035 1188 3094 M.
1199 3034 1267 3096 Ca·
1278 3048 1319 3112 35
1381 3099 1382 3104 ,

206 3137 305 3220 tonis,
330 3135 396 3215 jam
414 3134 569 3208 multicia
589 3134 684 3195 rebus
705 3133 910 3213 conspicuam
930 3141 1023 3214 atque
1042 3136 1268 3214 praenitentem

218 3292 447 3302 ———

207 3387 273 3434 llr.:
290 3386 457 3448 pellebatur.
475 3408 510 3422 --
527 3385 644 3451 nepote.
662 3384 741 3435 libri:
760 3383 937 3450 muccisque,
955 3385 1042 3434 miuus
1058 3387 1185 3446 expedita
1200 3393 1267 3431 con-

206 3474 367 3523 structione:
384 3497 420 3510 -
436 3471 490 3536 [ab
509 3487 557 3540 eo,
577 3473 623 3538 qui
642 3471 724 3539 cra]
742 3473 882 3535 glossema
902 3473 955 3522 lroc
971 3485 1048 3537 esse,
1073 3472 1268 3521 intellexerunt

208 3561 341 3611 Gruterus
360 3564 388 3610 et
405 3563 437 3610 R.
456 3586 491 3598 »-
509 3575 595 3627 neque
624 3586 659 3598 ·-
690 3560 838 3624 concupiit.
858 3561 926 3610 baec
944 3560 1035 3610 alienu
1053 3559 1117 3624 lopo
1136 3557 1268 3604 labantur

206 3651 235 3699 in
252 3651 347 3712 corle,
367 3652 431 3712 post
449 3649 585 3713 cupiebat.
609 3675 642 3687 -
667 3647 779 3712 [mari]
801 3651 853 3697 lroc
874 3661 924 3710 per
941 3661 973 3698 se
990 3645 1155 3707 intelligitur
1170 3655 1205 3692 ex
1221 3655 1269 3692 se-

206 3739 366 3801 quentibus,
384 3749 437 3786 uec
453 3740 534 3787 dubie
551 3739 585 3788 ab
604 3737 774 3800 explicatore
791 3738 944 3799 profectum
963 3739 1013 3786 est.

274 3823 320 3874 ³4.
356 3839 480 3891 curaque
497 3826 611 3890 reputit.
630 3828 723 3876 coda:
745 3841 768 3878 e.
788 3825 908 3890 eripuit5
935 3817 1268 3882 eo.oan1.c.oaerott·‚·
1356 3811 1358 3816 ’

203 3927 316 3977 quorum
333 3914 403 3964 illud
421 3916 578 3965 mendosum
599 3917 659 3979 est,
689 3917 740 3964 lroc
756 3926 859 3977 parum.
877 3911 1001 3977 repulit,
1032 3923 1046 3958 e
1063 3907 1160 3956 littera
1179 3909 1268 3968 perti-

202 4006 284 4054 uante
302 4016 320 4052 a
335 4016 500 4066 praegressa
515 4005 603 4069 vocs,
623 4003 670 4052 val
690 4015 755 4052 casu
774 4003 922 4054 abieritis
939 3996 1060 4062 eripuit,
1078 3994 1125 4045 vel
1144 3997 1267 4045 itascri·

208 4091 323 4142 bendum
341 4105 402 4142 esse
421 4093 519 4154 aliquis
539 4093 697 4142 emendator
713 4089 920 4141 existimaverit

275 4179 320 4227 85.
357 4183 441 4244 atquc
457 4181 663 4243 praenitentem
682 4181 750 4245 alt„
768 4177 811 4226 ill.
840 4175 932 4222 codo:
951 4175 1033 4240 atqve
1048 4187 1110 4242 pta,
1128 4171 1267 4224 altissimo

205 4264 360 4318 taraaiaocit.
387 4269 449 4320 laute
467 4267 605 4316 simillima
623 4268 740 4316 omnium
763 4265 901 4325 scriptura
918 4265 1027 4326 rosum
1046 4267 1074 4312 et
1093 4263 1181 4313 illum.
1206 4261 1267 4322 qui·
1322 4293 1327 4299 .
