2990 4894
606 361 709 412 ursr.
735 361 772 411 1..
800 363 838 412 u.
939 354 944 368 ·
1205 340 1253 414 85

149 551 152 558 ,
186 522 325 588 gomque
344 504 385 568 ad
405 523 558 568 sommam
579 513 611 566 et
629 504 770 566 militaris
790 514 822 567 et
845 507 1015 569 maritimae
1036 510 1082 570 rei
1109 509 1255 590 perduxit

186 607 361 670 seientiam.
400 607 474 668 Hae
495 605 603 666 olasse
633 603 772 689 Caesar,
805 625 877 668 oum
904 607 1007 689 prius,
1037 607 1254 690 despondente

185 707 216 768 ei
232 708 383 790 Nerone,
412 706 463 768 eui
487 716 560 768 ante
584 713 679 786 nupta
702 705 819 792 meror,
848 708 989 792 bivium,
1017 709 1189 790 auspicatis
1208 712 1256 772 rei

185 809 329 890 publioae
350 807 522 890 ominibus,
553 807 698 869 duxisset
718 825 870 893 uxorem,
889 809 1044 891 Pompejo
1064 811 1276 892 Siciliaeque!

186 910 300 973 bellum
315 907 425 970 intulit.
464 908 532 970 Sed
553 908 672 992 virum,
693 909 828 971 humana
848 929 909 991 ope
929 911 1095 990 invictum,
1114 912 1255 992 graviter

186 1031 227 1072 eo
243 1020 384 1089 temporo
402 1008 525 1072 fortuna
544 1010 718 1073 ooneussit.
757 1010 881 1094 Quippe
897 1014 992 1093 longe
1007 1013 1158 1093 majorem
1178 1032 1255 1094 par·
1374 1001 1379 1010 ’

186 1123 250 1174 tem
269 1111 386 1172 elassis
408 1111 498 1174 eirea·
516 1111 641 1173 Veliam
657 1111 857 1192 Palinurique
876 1115 1120 1194 promontorium
1145 1114 1255 1178 adorta

186 1212 240 1272 vis
262 1211 365 1275 Airiei
393 1213 546 1275 laoeravit
574 1231 614 1276 ao
643 1212 770 1277 distulit.
809 1214 857 1274 Eo
880 1215 1031 1294 patrando
1059 1215 1140 1277 bello
1168 1235 1256 1278 mora

185 1312 260 1394 fuit,
292 1313 380 1394 quod
403 1324 475 1395 post
499 1313 644 1398 indubia,
675 1313 735 1376 sed
769 1314 924 1377 interdurn
956 1316 1100 1399 ancipiti,
1134 1315 1257 1378 lortuna

187 1423 314 1493 gestum
337 1423 403 1476 este
430 1433 500 1476 uam
527 1424 560 1477 et
589 1414 706 1477 elassis
735 1415 848 1478 eodem
865 1416 936 1479 loeo
958 1426 1075 1480 vexata
1103 1428 1154 1484 est
1171 1427 1256 1480 tem-

187 1523 327 1600 pestate,
366 1525 398 1580 et
423 1525 466 1597 ut
487 1517 591 1578 navali
606 1507 610 1510 ’
623 1517 722 1597 primo
761 1518 879 1599 proelio
908 1518 991 1598 apud
1017 1520 1126 1602 Mylas
1159 1520 1256 1583 duetu

187 1615 351 1698 Agrippae
368 1626 541 1698 pugnatum
562 1636 734 1703 prospere,
762 1618 805 1680 ita
827 1619 986 1697 inopinato
1008 1619 1099 1684 duois
1117 1619 1257 1684 adventu

187 1719 299 1798 gravis
318 1718 378 1780 sul)
399 1718 500 1798 ipsius
524 1719 676 1781 Caesaris
697 1719 798 1781 oeulis
822 1720 909 1782 eirea
931 1721 1171 1784 Tauromenium
1196 1741 1256 1785 ao-

189 1827 283 1896 oepta
309 1817 437 1896 elades3
468 1837 572 1900 neque
595 1818 635 1878 alr
661 1819 733 1900 ipso
759 1821 932 1900 perieulum
957 1821 1071 1901 abluit3
1102 1805 1258 1907 legiones,

189 1935 272 1999 quae
292 1937 363 1981 oum
382 1919 552 1990 Comilioio
580 1928 688 2007 eraut,
717 1921 822 2001 legato
841 1920 1010 2005 Caesaris,
1037 1921 1203 2008 expositae
1225 1921 1256 1982 iu

188 2028 273 2082 terra
291 2038 426 2100 paeuea
443 2018 597 2100 Pompejo
620 2039 795 2101 oppressae
815 2031 897 2085 sunt.
919 2021 1006 2086 lSed
1025 2022 1171 2103 ancipitia
1188 2019 1256 2106 sors

188 2129 283 2182 tunae
295 2129 333 2182 et
350 2121 501 2202 temporis
514 2131 634 2184 matura
647 2121 762 2186 virtute
777 2131 940 2186 eorreota:
960 2123 1127 2203 explicatis
1141 2123 1256 2204 quippe

186 2222 472 2304 utriusquepartis
494 2223 667 2308 elassibus,
695 2242 798 2304 paene
820 2225 963 2286 omnibus
986 2231 1102 2285 exutus
1123 2223 1257 2286 navibus

188 2321 360 2403 Pompejus
376 2325 488 2386 Asiam
513 2325 590 2406 suga
609 2325 732 2405 petivit3
749 2323 908 2406 jussuque
930 2325 977 2385 Μ.
1000 2325 1145 2409 Antonii,
1165 2323 1257 2405 eujus

188 2443 281 2504 opem
294 2427 443 2510 petierat,
463 2426 537 2488 dum
560 2428 641 2488 inter
664 2415 778 2488 ducem
798 2433 831 2486 et
853 2424 1027 2504 supplieem
1048 2426 1257 2506 tumultuatur,

188 2535 222 2588 et
243 2545 327 2588 nune
349 2526 532 2606 dignitatem
551 2527 681 2607 retinet,
706 2544 790 2602 nuno
811 2525 908 2587 vitam
933 2535 1097 2610 precatur,
1127 2544 1147 2589 a
1176 2527 1257 2591 'litio

186 2628 350 2711 jugulatus
374 2637 435 2690 est.
481 2628 542 2692 Cui
568 2629 599 2690 in
623 2635 740 2689 tautum
764 2626 888 2690 duravit
910 2627 972 2689 hoo
1004 2626 1146 2690 laoiuore
1175 2645 1256 2690 oon-

188 2740 320 2794 traotum
344 2729 466 2814 odium,
487 2739 520 2792 ut
537 2739 629 2812 mox,
658 2728 750 2791 ludos
771 2728 802 2789 iu
821 2728 942 2790 theatro
961 2727 1107 2809 Pompeji
1122 2728 1256 2808 foetens,

188 2833 392 2895 exeoratioue
411 2831 516 2913 populi
531 2831 730 2912 speetaoulo‚
752 2829 836 2912 qued
853 2829 1040 2914 praebebat,
1059 2829 1237 2910 pelleretur.

265 2935 454 3006 Aooivorat.
477 2951 596 3016 gerens
617 2942 725 2995 eontra
739 2930 925 3013 Pompejum
941 2930 1072 3011 bellum,
1091 2947 1133 2990 ex
1146 2929 1307 2996 Atrimso

189 3033 314 3116 Caesar
332 3033 486 3115 lepidum
509 3052 581 3096 oum
602 3035 664 3095 ΧΗ
686 3033 869 3114 semiplenis
890 3031 1079 3110 legionibus.
1118 3031 1182 3096 llio
1206 3030 1256 3094 vir

188 3223 239 3274 44.
253 3226 295 3285 el.
312 3223 374 3276 las.
392 3248 428 3258 -
447 3227 513 3288 post
530 3224 660 3286 indatio,
676 3226 727 3278 sed
742 3223 793 3278 int.
811 3225 865 3275 ete.
883 3225 960 3276 oodd.
978 3221 1179 3296 ταυτολόγωςι
1198 3239 1253 3290 po-

191 3317 253 3366 steo
271 3312 357 3366 dubio
373 3315 402 3366 et
424 3311 474 3364 iat.
494 3315 547 3363 ete
578 3312 731 3364 adulatorie
756 3312 899 3364 indubiam
917 3315 1001 3362 vocat
1019 3314 1156 3364 tomuuam
1173 3313 1254 3373 belli,

192 3403 226 3452 ab
246 3401 398 3451 Octaviano
416 3403 495 3463 gesti.
512 3425 548 3436 —
576 3401 672 3466 decis,
690 3403 769 3451 Sexti
786 3396 917 3468 Pompeji‚
934 3414 1012 3464 quem
1029 3404 1117 3466 ipsum
1134 3401 1255 3452 admisse

192 3489 309 3552 colligas
327 3501 361 3538 ex
378 3491 427 3554 iis,
452 3501 522 3551 quiae
545 3491 702 3551 sequautur.
730 3485 812 3553 paulo
829 3494 892 3552 post
909 3490 942 3539 de
961 3492 1072 3540 eodem:
1098 3491 1163 3540 dum
1180 3486 1256 3536 inter·

190 3581 288 3630 ὀκιιιιι
302 3581 332 3629 et
349 3577 502 3642 eumdem
517 3578 714 3628 tumultuatim.
744 3579 821 3626 codd.
844 3579 987 3628 mendose:
1014 3574 1133 3640 eluens,
1160 3585 1255 3635 qnem-

190 3667 333 3717 admodum
348 3666 366 3714 d
382 3671 411 3716 et
429 3665 470 3731 el,
488 3675 504 3714 ιι
520 3667 549 3714 et
564 3677 595 3730 a,
615 3677 631 3714 e
650 3669 679 3716 et
695 3680 724 3729 s,
742 3667 870 3716 conlundi
888 3666 979 3716 solere
1004 3665 1114 3713 seimus.
1138 3687 1173 3696 —
1199 3673 1253 3710 arr-

192 3753 484 3820 eipitia-temporie.
501 3753 583 3804 libri:
601 3753 733 3819 ancipitis
749 3752 868 3816 [ortana
885 3751 1028 3818 ternporis,
1043 3763 1061 3800 a
1078 3753 1107 3800 et
1122 3763 1137 3798 s
1153 3748 1254 3800 litteris

190 3843 364 3907 permutatis,
385 3843 458 3891 siout
473 3839 534 3906 ad,
560 3843 607 3894 ubl
627 3845 705 3891 reete
721 3843 906 3892 Burmannus:
923 3837 1082 3904 praesentis
1099 3849 1149 3897 pro
1164 3849 1251 3899 praev

191 3933 291 3986 sentia.
326 3932 418 3980 Attius
436 3933 523 3980 Atreo
540 3929 581 3980 t:
612 3929 725 3994 Pelopia
743 3931 841 3996 diener
858 3931 940 3980 domo
957 3939 1007 3988 pro
1025 3924 1157 3990 Pelopia,
1181 3926 1251 3986 qood

191 4021 343 4081 ponendum
367 4031 429 4070 esse
458 4019 528 4069 vidit
556 4020 679 4069 Vossius.
714 4019 852 4068 l'lraedrus
872 4013 957 4076 vrrlgo
974 4011 1001 4060 4.
1026 4011 1096 4072 prol.
1116 4013 1157 4064 5.:
1186 4013 1252 4064 Non

196 4121 302 4172 senemr
326 4122 361 4159 eo
374 4110 458 4172 aaut,
477 4107 711 4174 praevidentur,
737 4107 784 4154 sed
804 4103 875 4162 apud
892 4094 1058 4162 Bentlejum:
1088 4099 1252 4166 N.,semper

194 4205 240 4244 reo
256 4200 335 4264 aaut,
353 4208 379 4262 q.
395 4211 438 4261 ra,
465 4207 517 4257 qim
542 4195 609 4244 nihil
626 4197 719 4246 verius
736 4191 908 4248 intimosque.
927 4187 1073 4258 temporis,
1099 4193 1163 4244 anui
1182 4194 1249 4248 tem-

195 4282 270 4344 poris
286 4278 441 4345 procellosi.
459 4286 573 4336 matura
589 4281 711 4343 videte,
731 4280 762 4328 ut
779 4275 934 4328 maturitas
954 4274 1011 4328 tao.
