2998 4896
607 331 708 416 ursus.
735 365 771 414 n.
800 366 843 414 11.
1204 322 1270 418 11-

196 510 401 594 praeferens,
421 520 453 573 et
472 509 620 591 quidquid
638 505 762 588 publice
780 507 915 573 salutare
934 527 995 572 nou
1015 512 1255 593 esset,·priva-'
1334 507 1337 520 ¹
1382 563 1386 570 .

196 619 250 674 tim
271 613 406 674 alienum
426 612 610 673 existimaus
635 609 692 688 (ob
719 625 800 690 quos
822 609 955 672 virtutes
980 611 1097 691 primus
1117 601 1267 674 ornuiuni

198 711 315 774 absens
328 710 469 792 pontifex
483 708 636 770 mutunus
654 706 757 771 iactus
772 707 854 790 est),
869 709 1060 772 circumdate
1071 712 1163 794 laevo
1177 711 1251 773 bra-

196 815 268 877 chio
291 823 389 894 togae
421 810 550 893 lacinia,
582 810 789 890 esupcriore
820 816 918 896 parte,
931 811 1091 896 Capitolii,
1120 813 1251 876 summis

196 915 347 994 gradibus
365 911 532 992 insistens,
560 910 699 972 hortatus
719 919 786 993 est,
815 919 872 990 por·
894 918 1017 974 salomo
1043 919 1158 975 collem
1186 931 1252 974 rent
1356 899 1361 915 ’

194 1021 367 1092 publicam,
388 1031 423 1072 oc
438 1021 651 1090 necterentur.
690 1013 770 1073 'litto
789 1013 970 1096 optimates,
999 1021 1129 1078 sonans
1157 1023 1251 1096 etque

193 1109 354 1196 equestris
374 1112 490 1175 ordinis
511 1131 585 1194 pars
603 1113 713 1174 melior
742 1121 774 1174 et
798 1113 914 1197 major,
943 1125 975 1176 ct
1001 1116 1117 1178 intacta
1142 1117 1251 1197 perui·

113 1288 115 1292 .
192 1216 294 1278 ciosis
320 1215 458 1278 consiliis
483 1215 588 1296 plebs,
621 1215 740 1278 irruere
765 1214 796 1276 in
828 1211 1028 1298 Gracchum,
1059 1223 1195 1279 stentem
1218 1217 1250 1278 in

194 1335 269 1378 areo
286 1335 360 1379 cum
381 1317 517 1379 catervis
538 1316 624 1402 auis,
645 1323 677 1378 et
698 1315 895 1378 concientem
912 1333 1016 1396 paene
1034 1317 1130 1379 totius
1144 1318 1251 1378 ltulioo

193 1417 410 1499 frequentiam.
448 1417 480 1479 is
508 1417 654 1500 fugiens,
683 1416 919 1498 decurrensque
950 1416 1035 1478 clivo
1065 1417 1278 1498 Capitolino„

193 1519 348 1600 fragmine
368 1519 507 1582 subsellii
525 1519 624 1605 ictus,
642 1518 750 1600 dmm,
770 1533 863 1598 quam
881 1517 1111 1598 gloriosissime
1130 1517 1250 1600 degere

191 1628 344 1704 potuerat,
364 1621 524 1682 immatura
542 1627 642 1681 morte
659 1618 769 1682 linivit.
788 1619 862 1682 Hoc
879 1618 997 1680 initium
1015 1619 1047 1682 in
1060 1619 1136 1682 urbe
1148 1619 1250 1682 lloma

193 1722 297 1785 civilis
323 1720 485 1803 sauguinis
514 1719 751 1801 gladiorumque
779 1720 968 1800 impunitatis
986 1720 1053 1782 luit.
1104 1719 1181 1783 lude
1198 1723 1249 1784 ius
1277 1739 1283 1762 t

192 1811 235 1884 vi'
246 1823 403 1904 obrutum,
429 1821 645 1902 patentiorque
660 1818 782 1883 babitus
794 1821 892 1906 prior,
908 1851 909 1858 ι
926 1820 1103 1886 discordiae
1122 1821 1248 1906 civium,

190 1931 284 1986 anteo
303 1923 533 1986 conditionibus
549 1921 653 1990 sanari
672 1919 801 2006 solitae,
830 1923 915 1985 ferro
939 1921 1140 2004 dijudicatae,
1169 1921 1249 1984 betto
1273 1919 1276 1926 '

191 2043 254 2087 uon
275 2025 380 2087 causis
399 2025 489 2109 inita,
511 2023 571 2085 sed
590 2032 808 2104 prout.eorum
826 2041 952 2088 merces
971 2023 1037 2086 luit.
1057 2019 1149 2100 onoc
1166 2023 1248 2086 bautl

190 2126 303 2186 mirum
323 2133 385 2186 est:
405 2123 569 2186 nonenim
588 2123 631 2184 ibi
650 2123 825 2186 consistunt
844 2124 1005 2205 exempla,
1025 2123 1107 2184 unde
1127 2143 1247 2204 coepe-

191 2235 268 2306 runt,
287 2225 358 2307 sed,
378 2224 544 2307 quemlibet
561 2224 593 2286 iu
613 2233 741 2286 tenuem
758 2233 887 2306 recepte
904 2229 1072 2306 tramitem,
1096 2225 1247 2286 latissime

188 2326 348 2405 evagandi
368 2325 427 2387 sibi
445 2325 529 2386 viam
548 2324 683 2406 faciunt,
704 2332 736 2386 et
745 2369 756 2404 ,
774 2325 827 2386 ubi
846 2327 945 2386 semel
965 2333 1053 2386 recto
1073 2324 1247 2386 deerrarunt

189 2437 251 2513 est,
269 2430 302 2490 in
321 2445 476 2508 praeceps
496 2427 691 2508 pervenitur3
711 2443 773 2489 nec
793 2426 957 2506 quisquam
976 2424 1036 2488 sibi
1048 2433 1135 2506 putat
1146 2433 1246 2508 turpe,

190 2530 273 2611 quod
293 2530 343 2591 elii
362 2528 419 2589 seit
434 2528 636 2589 fructuosum.

176 2617 193 2672 ’ν
263 2630 389 2695 iuterim
409 2627 481 2691 durn
501 2627 582 2690 haec
600 2628 632 2690 iu
651 2627 739 2690 ltalia
757 2636 924 2713 geruntur,
953 2627 1152 2690 Aristonicus
1172 2628 1277 2708 qui-4

188 2733 279 2814 dam,
307 2740 427 2794 mortuo
456 2749 535 2816 rege
561 2730 684 2808 Attalo,
699 2747 735 2790 ,ιι
761 2749 823 2812 qno
850 2730 932 2792 Asia
963 2729 1076 2810 populo
1103 2728 1245 2793 Romano

187 2834 362 2896 hereditate
380 2834 488 2896 relicto
507 2842 583 2913 erat,
603 2831 685 2896 sicut
703 2831 812 2898 relicta
829 2841 941 2911 posteo
960 2841 1011 2892 cst
1028 2848 1049 2891 a
1067 2830 1244 2892 Nicomede

188 2935 350 3017 Bithynia,
369 2937 516 2996 mentibus
535 2935 645 3012 regiae
665 2933 772 3013 stirpis
791 2929 961 3013 originem,
981 2932 1076 2993 armis
1096 2950 1166 2994 eam
1185 2950 1244 2995 oc-

189 3044 370 3117 cupaverat.
407 3037 440 3096 ls
459 3035 565 3102 victus
584 3053 603 3094 a
621 3035 668 3095 bl.
687 3034 863 3118 Perperna,
888 3033 1063 3114 ductusque
1081 3034 1113 3094 in
1133 3033 1244 3096 triurn-

188 3138 260 3220 pbo,
280 3136 339 3198 sed
358 3153 377 3197 a
396 3135 503 3196 Manio
523 3133 664 3218 Aquilio,
689 3134 792 3213 capite
812 3140 932 3213 poc'nas
952 3133 1047 3220 dedit,
1067 3153 1138 3197 cum
1158 3135 1243 3198 initio

189 3238 261 3302 belli
279 3239 432 3302 Crassum
452 3237 649 3318 Mucianum,
668 3236 769 3298 virum
788 3235 865 3296 iuris
885 3236 1151 3316 scientissimum,
1183 3238 1243 3298 de·

189 3339 354 3402 cedentem
373 3357 416 3400 ex
427 3338 508 3400 Asia
522 3339 751 3420 proconsulem,
770 3336 992 3424 interemisset.
1030 3338 1074 3400 At
1086 3338 1124 3400 Ρ.
1134 3337 1243 3418 Scipio

188 3439 358 3503 Africanus
385 3440 601 3517 Aemilianus,
629 3439 681 3519 qui
709 3438 932 3522 Carthaginem
965 3440 1144 3523 deleverat,
1171 3445 1244 3518 post

257 3663 283 3710 8.
320 3664 353 3712 ob
369 3672 446 3728 quos.
471 3663 512 3711 sic
528 3663 614 3712 Aldus
629 3673 730 3725 nepos,
756 3664 923 3724 approbante
941 3663 974 3712 tt.
992 3663 1069 3714 libri:
1095 3662 1163 3725 dos,
1182 3669 1243 3710 cum

187 3753 265 3802 initio
282 3753 410 3812 scriptum
429 3751 542 3813 finisset,
572 3753 623 3800 nisi
640 3751 739 3812 tollor,
769 3765 828 3804 cos.
843 3765 870 3802 v.
887 3765 948 3802 ano.
967 3755 1000 3801 ad
1019 3759 1114 3799 vocem
1132 3747 1243 3810 culpam
1344 3751 1356 3759 ““

186 3854 245 3902 cap.
265 3838 288 3888 1.
307 3835 386 3902 liujus
402 3838 473 3888 libri.
492 3863 524 3872 —
544 3839 702 3890 discordiae
719 3864 756 3877 -
772 3841 854 3891 boun.
873 3840 971 3903 vulgo:
991 3833 1240 3900 discordiaeque-

186 3929 321 3993 bonoque.
898 3985 901 3994 ,

253 4013 280 4064 4.
316 4015 429 4084 confflem
446 4015 579 4079 Orellius,
607 4018 654 4066 Kr.
671 4017 752 4068 libri:
775 4017 829 4084 oui.
857 4039 892 4050 -
920 4013 960 4064 At
976 4010 1008 4062 Ρ.
1028 4008 1131 4074 scipio.
1160 4010 1239 4061 libri:

184 4101 223 4152 tot
238 4103 271 4153 P.
278 4105 330 4156 Sc.
348 4127 384 4140 -·
401 4103 520 4168 Aquilio.
539 4103 601 4154 Kc:
620 4104 753 4173 Aquillio,
768 4105 879 4166 praeter
889 4100 1096 4149 necessitatem:
1115 4111 1142 4148 v.
1154 4099 1239 4149 Rele-
1274 4121 1278 4134 ι

185 4186 257 4238 bold.
285 4191 377 4241 Klotz.
404 4203 464 4241 curn
491 4203 552 4241 ann.
577 4195 610 4242 ad
629 4191 771 4244 ciceronis
788 4190 886 4249 orato,
911 4189 977 4238 tun
995 4189 1023 4238 iu
1040 4189 1126 4238 Novis
1142 4185 1238 4238 Annal.

187 4275 370 4342 Philologiae,
388 4283 421 4330 ob
439 4283 499 4342 ipso
518 4291 571 4330 uuo
589 4293 649 4330 oum
667 4280 810 4331 seeboueo
826 4277 971 4339 tabemque
990 4277 1089 4342 editis,
1107 4272 1241 4326 lasciua·
