2990 4894
234 367 304 444 1⁰0
684 391 847 443 VELLEJt

234 539 355 620 diligat,
376 546 427 599 aut
440 535 562 599 facilius
582 534 717 598 sufficiat
729 536 868 617 negotio,
889 541 920 596 et
937 537 1050 618 magis,
1070 551 1149 619 quae
1168 543 1303 620 agendo·

233 645 321 716 snrrt,
341 647 430 700 curet
449 640 519 699 aine
538 638 600 699 ulla
619 636 827 699 ostentatione
847 635 975 714 agendi.

183 733 223 797 tit
309 739 404 800 Brevi
426 739 591 817 interjecto
612 737 714 818 spatio
734 735 808 798 'l’ibss
822 737 926 822 Nero,
941 736 1062 798 dnobus
1082 739 1291 802 consulatibus

231 839 421 922 totidemque
444 839 622 919 triumphis·
639 839 736 920 actis,
769 835 941 897 tribunitiae
972 838 1136 916 potestatis
1159 855 1290 901 consor-

230 943 315 1004 tione
334 949 487 1022 aequatus
517 941 681 1023 Augusto,
707 939 824 1000 civium
849 945 922 1016 post
938 955 1031 999 unum
1050 939 1100 1014 (et
1117 938 1197 1023 boc,
1210 939 1290 1022 ‘qnia
1363 971 1364 976 κ

230 1040 372 1117 volebat)
392 1040 670 1124 eminentissimus,
691 1038 803 1100 dueum
823 1039 987 1123 maximus,
1007 1037 1091 1100 fama
1110 1039 1296 1121 fortunaque·

232 1141 472 1223 celeberrimus,
491 1150 523 1203 et
540 1160 620 1202 vere
640 1143 769 1203 alterum
789 1138 996 1219 reipublicae
1016 1140 1119 1202 lumen
1140 1150 1172 1202 et
1192 1153 1293 1225 eaput,

230 1244 308 1305 mira
341 1242 473 1323 quadarn
511 1239 559 1320 [et
592 1240 780 1320 incredibili]
815 1248 910 1320 atque
942 1241 1137 1302 inenarrabili
1168 1243 1298 1327 pietate,

231 1345 341 1423 (eninr
361 1361 478 1406 causae
502 1357 576 1402 mox
605 1342 750 1402 detectae
779 1349 868 1425 sunt,
901 1359 973 1404 curn
994 1339 1031 1402 C.
1052 1341 1175 1404 Caesar
1203 1361 1298 1406 sum··

231 1447 330 1506 sisset
354 1443 419 1523 jam
445 1442 566 1501 virilem
598 1449 721 1524 togam,
753 1441 873 1504 laucius
904 1441 976 1504 item
992 1449 1147 1504 maturus
1176 1445 1294 1525 esset),

230 1561 365 1623 verens,
395 1559 436 1603 ne
456 1525 559 1622 fulgor
578 1559 657 1602 suus
678 1542 838 1604 orientium
854 1542 1007 1624 juvenum
1033 1543 1170 1607 obstaret
1189 1545 1293 1629 initiis,

230 1643 424 1706 dissimulata
445 1659 544 1704 causa
564 1644 686 1706 consilii
706 1644 772 1724 sui,
792 1652 998 1706 commeatum
1012 1644 1050 1706 ab
1068 1663 1181 1706 socero
1197 1654 1292 1726 atque

230 1745 344 1808 eodem
367 1744 478 1806 vitrico
498 1745 724 1823 acquiescendi
747 1763 766 1806 a
793 1745 1020 1809 continuatione
1040 1745 1176 1808 laborum
1195 1747 1290 1827 petiit.

230 1845 310 1924 Quis
329 1845 422 1907 fuerit
449 1864 489 1907 eo
509 1853 649 1926 ternpore
675 1848 810 1910 civitatis
840 1847 980 1930 habitus,
1014 1848 1067 1926 qui
1101 1849 1291 1928 singulorum

229 1948 338 2027 animi,
372 1964 453 2027 quae
480 1946 719 2026 digredientium
748 1965 767 2008 a
787 1955 871 2008 tanto
890 1948 960 2008 viro
979 1947 1114 2009 omnium
1134 1949 1293 2029 lacrimae,

231 2063 322 2129 quam
348 2065 449 2128 paene
479 2046 509 2104 ei
539 2045 644 2106 Patria
669 2064 793 2107 manum
821 2046 979 2131 injecerit,
1009 2045 1096 2125 justo
1124 2065 1294 2112 servemus

230 2149 327 2230 operi.
376 2148 453 2210 lliud
480 2146 570 2208 etiam
598 2148 628 2208 in
658 2147 719 2208 lroe
744 2154 927 2207 transcursu
958 2147 1125 2210 dicendum
1152 2160 1230 2231 est,
1250 2151 1292 2214 ita

230 2261 352 2332 septem
373 2267 473 2311 anuos
491 2247 595 2310 Rhodi
615 2255 790 2329 moratum,
816 2251 851 2316 ut
881 2261 991 2306 omnes
1024 2268 1081 2326 pro
1111 2249 1292 2312 consulibus

230 2353 389 2434 legatique
409 2353 440 2412 in
460 2346 682 2413 transmarinas
702 2345 833 2430 profecti
852 2343 1048 2428 provincias,
1075 2348 1200 2408 visendi
1221 2347 1291 2427 ejus

230 2454 331 2537 gratia
350 2452 486 2533 nudique
507 2451 751 2534 convenientes,
783 2463 908 2526 semper
933 2442 1055 2524 privato
1085 2443 1130 2523 (si
1148 2445 1200 2508 illa
1220 2465 1290 2509 ma·

226 2555 330 2635 jesias
350 2555 471 2633 privata
492 2571 627 2636 unquam
648 2551 718 2630 luit)
738 2550 847 2611 fasces
862 2563 938 2607 suos
952 2547 1173 2631 summiserint,
1193 2547 1294 2610 iassi-

232 2672 294 2734 qne
315 2652 377 2714 sint
396 2658 492 2712 otium
514 2654 584 2722 ejus
605 2657 790 2712 bonoratiua
809 2654 936 2725 irnperio
955 2665 1024 2708 auo.

161 2754 223 2819 100
310 2751 588 2814 Βοιιείῑιοιιιιιιιιι
607 2752 691 2813 orbis
717 2750 897 2830 digressum
925 2747 1107 2810 neustodia
1129 2749 1290 2810 Neronem

231 2851 342 2915 Urbis:
371 2845 443 2912 nam
470 2861 502 2914 et
521 2852 675 2932 Parthus,
705 2850 893 2912 desciscens
917 2867 936 2910 a
962 2850 1114 2914 societate
1138 2848 1290 2931 Romana,

231 2951 349 3031 adjecit
366 2953 536 3016 Armeniae
560 2968 698 3030 manum,
719 2958 752 3011 et
776 2947 962 3036 Germania,
987 2951 1112 3014 aversis
1132 2949 1290 3012 domitoris
1309 2946 1314 2955 '

145 3058 147 3070 '
233 3052 282 3113 ani
309 3053 425 3136 oeulis,
457 3051 628 3114 rebellavit.
680 3050 724 3113 At
751 3051 784 3113 in
809 3051 895 3115 Urbe
924 3073 963 3114 eo
999 3053 1069 3132 ipo
1097 3069 1195 3134 anno,
1229 3069 1291 3132 quo

302 3241 343 3288 99.
379 3241 426 3304 [et
442 3245 618 3310 incredibili]
637 3249 826 3308 interpretatio
851 3245 968 3294 molesta
994 3244 1071 3291 vocis
1096 3242 1291 3295 irrenarraln'li.
1321 3279 1327 3294 ,

234 3359 267 3371 —-
282 3342 388 3384 uerene.
408 3331 499 3379 codd:
519 3334 589 3384 viris
602 3333 711 3398 (neres,
737 3336 811 3383 vires
833 3334 909 3387 etet
927 3333 1040 3380 Vnseos.
1059 3328 1145 3378 nrinns
1163 3331 1292 3390 probabi-

231 3407 312 3472 liter:
331 3416 444 3467 oeritns.
463 3439 496 3449 —
518 3422 609 3469 codd:
630 3426 662 3473 nt
680 3436 772 3474 omues
792 3421 838 3486 piri
853 3433 907 3482 pro
925 3416 1097 3482 consulibus,
1115 3429 1182 3480 quae
1200 3419 1290 3469 trallu-

235 3510 337 3560 cinatio
355 3507 397 3556 est
415 3503 529 3567 librarii,
548 3510 728 3560 convenirent
745 3522 775 3559 se
793 3507 897 3569 legisse
915 3505 968 3552 rati
985 3503 1210 3570 insequentibus,
1228 3519 1289 3571 nec,

235 3609 328 3648 errore
348 3593 550 3656 animadverso,
569 3605 666 3644 vocem
685 3597 808 3647 inutilem
826 3593 950 3644 delentis.
968 3615 1003 3626 ·-
1025 3592 1142 3657 cadmea
1162 3593 1291 3661 crollius,

234 3684 349 3743 palmari
360 3681 560 3734 emendatione.
586 3679 664 3730 libri:
696 3686 734 3736 aa
762 3695 839 3750 poem
857 3671 1097 3745 (uniqueudqn‘e,
1115 3682 1289 3746 adalascia).

305 3769 367 3821 100.
402 3765 690 3836 moprtilicentiesimie.
709 3773 749 3820 ite
766 3773 830 3834 Ka,
849 3774 962 3820 auctore
981 3765 1103 3832 cepero,
1128 3783 1178 3833 pro
1196 3769 1289 3835 mopsi

235 3879 270 3894 ·-
287 3861 333 3910 nri.
351 3861 386 3911 ei.
405 3872 429 3908 e.
446 3858 491 3906 dii.
520 3881 556 3892 -
586 3856 704 3906 toeneio
720 3871 756 3907 oc
774 3859 886 3910 libidine
911 3859 959 3906 Kr.
976 3856 1056 3906 libri:
1086 3858 1219 3923 ineerta,
1242 3855 1286 3904 tio.

235 3966 271 3981 -·
286 3945 378 3996 dulus.
396 3947 467 3998 male
485 3947 585 4009 libau,
603 3943 718 4006 aiiiqne:
736 3944 839 3996 dubus.
858 3959 884 3994 v.
903 3946 997 3994 llorat.
1017 3945 1065 3995 0d.
1084 3942 1116 4007 4,
1132 3945 1157 3992 2.
1176 3948 1227 3993 ete.
1252 3961 1288 3976 -

236 4031 414 4098 amputarent.
431 4048 487 4085 vox
504 4035 573 4085 nand
592 4034 672 4084 dubie
698 4031 815 4091 repetita
831 4043 865 4081 ex
882 4034 1075 4093 superioribus.
1091 4056 1138 4076 .-
1162 4030 1288 4092 reuecta

235 4123 287 4172 erc
303 4120 458 4174 immisimus
476 4122 600 4185 copulatu
617 4119 815 4183 perspicuitatis
833 4130 923 4170 eausa.

305 4204 365 4256 itii.
400 4209 447 4271 pari
473 4223 578 4262 omnem
605 4210 631 4260 ei
665 4211 726 4260 bon.
754 4206 818 4258 libri
850 4209 992 4260 mendose:
1023 4207 1067 4259 eui
1094 4215 1197 4255 oruaem
1226 4204 1287 4258 iou.

238 4299 357 4362 Lipsius:
374 4295 442 4358 „rin
461 4297 534 4347 vell.
553 4301 593 4348 itu
610 4297 765 4362 scripserit,
783 4297 900 4360 Prinolpi
919 4310 983 4360 suo,
1002 4298 1032 4345 nt
1043 4303 1139 4356 saepe,
1156 4295 1288 4367 servieus,
