2998 4896
611 365 712 414 urso
741 367 777 414 u.
805 367 849 442 ιι.
1211 340 1260 415 53
1390 333 1398 366 ⁷

173 567 175 572 .
201 509 274 592 citu,
293 508 367 570 nihil
386 515 510 589 praeter
530 523 644 570 nomen
662 509 858 587 imperatoris
877 510 1028 592 retinens,
1047 529 1119 572 cum
1138 513 1259 591 privato
1368 567 1370 580 ,

200 610 364 689 comitatu,
398 627 491 690 quem
521 624 648 687 semper
674 608 716 668 illi
741 607 857 670 affatim
890 626 966 672 esse
994 611 1091 671 moris
1120 611 1195 694 init,
1226 611 1260 672 in
1354 614 1356 623 '
1440 592 1441 600 ἵ

198 711 306 772 urbem
326 710 434 788 rediit,
467 717 500 769 et
531 708 874 788 magnificentissimum
903 710 944 771 de
972 720 1017 774 tot
1044 711 1173 792 regibus
1202 730 1259 791 per

199 811 323 875 biduum
346 810 413 888 egit
432 808 632 893 triumphurn,
661 811 820 892 longeque
847 811 996 892 majorem
1025 812 1107 873 omni
1126 819 1199 874 ante
1220 830 1258 874 se

195 914 281 976 illata
314 909 481 990 pecuniam
510 912 541 970 in
567 911 720 976 aerarium
760 911 1045 994 [praeterquema
1072 912 1185 992 Paulo]
1216 929 1259 974 ex

144 1053 149 1056 -
196 1010 349 1074 manubiis
368 1009 476 1072 intulit.
528 1010 673 1071 Absente
702 1011 761 1074 Cn.
782 1012 933 1095 Pompejo
953 1017 989 1076 Τ.
1009 1015 1143 1095 Ampius
1172 1024 1204 1077 et
1222 1015 1259 1074 Τ.
1307 1061 1313 1066 -

196 1113 376 1192 Labienus,
404 1110 515 1173 tribuni
534 1111 635 1192 pleb,
665 1113 771 1194 legem
793 1113 943 1192 tulerunt,
969 1123 1003 1175 ut
1027 1114 1109 1178 ludis
1130 1115 1257 1178 circen·

197 1212 286 1274 sibus
305 1231 420 1275 corona
439 1214 545 1274 laurea
566 1207 600 1274 et
618 1213 701 1276 omni
721 1214 806 1275 cultu
825 1214 1075 1292 triumphantium
1108 1224 1257 1294 uteretur,
1277 1241 1279 1245 ·

197 1315 336 1378 scenicis
368 1323 472 1376 autem
501 1323 664 1394 praetexta
693 1333 872 1396 coronaque
898 1317 1013 1377 laurea.
1052 1317 1089 1380 ld
1114 1317 1166 1378 ille
1189 1335 1259 1381 ,non
1320 1301 1323 1304 ’

155 1413 158 1420 ’
196 1417 267 1496 plus
289 1435 380 1497 qnam
401 1417 502 1478 semel
522 1416 571 1493 (et
590 1417 651 1478 hoc
671 1433 749 1478 sane
768 1418 894 1479 nimium
914 1416 986 1496 fuit)
1016 1435 1170 1498 usurpare
1198 1435 1257 1480 su·
1358 1451 1364 1470 ι

197 1518 311 1580 stinuit.
349 1517 454 1598 Hujus
476 1518 537 1578 viri
554 1518 716 1598 fastigium
735 1519 829 1580 tantis
849 1518 993 1580 auctibus
1018 1518 1143 1581 fortuna
1160 1527 1257 1580 extu·

196 1620 244 1703 lit,
276 1627 316 1682 ιιι
338 1620 470 1699 primum
489 1637 532 1680 ex
551 1617 675 1703 Africa,
712 1621 823 1681 iterum
854 1637 896 1680 ex
922 1619 1068 1702 Europa,
1096 1619 1187 1681 tertio
1214 1635 1257 1680 ex

194 1721 276 1782 Asia
301 1721 518 1802 triumpharet,
552 1731 601 1806 et,
634 1729 708 1801 quot
737 1729 843 1802 partes
872 1730 1023 1784 terrarum
1057 1720 1140 1782 orbis
1173 1729 1256 1801 sunt,

194 1821 322 1884 totidem
343 1821 463 1898 faceret
482 1831 682 1884 monumenta
693 1823 845 1885 victoriae
859 1839 947 1884 snae.
987 1821 1156 1902 Nunquam
1172 1821 1255 1881 emi-

193 1923 299 2006 nentia
317 1923 434 1984 invidia
454 1932 572 1986 carent.
612 1924 721 2001 ltaque
741 1933 773 1984 et
793 1924 961 2006 Lucullus,
990 1941 1110 1984 memor
1129 1921 1255 1984 tandem

131 2021 135 2026 ’
194 2033 345 2104 acceptae
358 2024 511 2105 injuriae,
540 2033 572 2086 et
591 2024 741 2086 bletellus
764 2024 927 2105 Cretione,
956 2044 1018 2086 non
1037 2023 1151 2104 injuste
1172 2042 1254 2105 que-

194 2143 270 2186 rens
296 2125 427 2207 (quippe
448 2133 661 2188 ornamentum
684 2126 827 2206 triumphi
853 2125 943 2205 ejus,
973 2126 1118 2204 captivos
1142 2123 1263 2206 ducess,
1297 2168 1301 2173 -

184 2226 364 2306 ⁴Pompejus
384 2226 609 2305 subduxerat),
636 2237 668 2289 et
697 2246 768 2290 oum
787 2227 827 2288 iis
846 2243 921 2305 pars
942 2225 1131 2304 optimatium
1150 2223 1253 2310 ιειια-χ

193 2326 344 2406 gebatur,
364 2347 404 2388 ne
424 2337 477 2390 aut
495 2329 652 2408 promissa
672 2327 850 2389 civitatibus
870 2344 889 2387 a
910 2323 1081 2404 Pompejo,
1100 2332 1154 2384 aut
1173 2322 1253 2384 bene

125 2438 130 2442 ’
191 2429 310 2490 meritis
330 2430 486 2506 praemia,
506 2429 546 2490 ad
566 2423 722 2494 arbitrium
742 2425 812 2505 ejus
835 2424 1099 2504 persolverentur.

269 2529 408 2590 Secutus
428 2527 543 2590 deinde
563 2538 614 2590 est
640 2527 821 2590 consulatus
841 2523 880 2586 C.
900 2515 1069 2605 Caesaris,
1095 2524 1148 2604 qui
1168 2523 1301 2606 scri-41

190 2628 275 2688 benti
295 2645 419 2688 manum
439 2627 553 2708 injicit,
574 2637 606 2690 et
626 2627 793 2709 quamlibet
811 2627 1010 2688 festinantem
1029 2627 1061 2686 in
1080 2643 1119 2686 se
1138 2627 1252 2687 morari

190 2730 286 2812 cogit
333 2729 397 2796 llic
416 2728 609 2791 nobilissima
628 2729 780 2792 Juliorum
801 2729 929 2808 genitus
948 2727 1064 2789 familia
1088 2735 1134 2810 et,
1168 2726 1251 2808 quod

189 2832 269 2893 inter
288 2831 687 2913 bominesantiquissimos
707 2830 885 2915 constabat,
906 2830 945 2891 ab
964 2830 1108 2892 Anchise
1128 2829 1250 2892 acVe·

191 2951 268 2992 nere
296 2931 460 2993 deducens
482 2950 601 3018 genus,
635 2933 734 2994 forma
754 2933 888 2994 omnium
908 2932 1025 2994 civium
1044 2930 1251 3000 excellentis·

190 3219 304 3286 mannis.
321 3221 398 3272 libri:
412 3221 787 3294 tnropntsrcentirstmnmqen‚
806 3225 877 3285 qaod
896 3224 978 3274 hrcile
996 3226 1177 3291 admitterem,
1195 3229 1251 3276 nisi
1360 3265 1364 3271 ,
1468 3261 1470 3266 ·

191 3311 352 3368 sequeretur
369 3311 520 3375 tcnqeque;
544 3323 615 3360 nuno
638 3315 666 3362 et
688 3313 813 3362 haustum
836 3318 901 3374 puto
920 3315 953 3363 ab
970 3313 1014 3364 -ιι
1036 3316 1143 3379 vicino,
1163 3326 1249 3376 eoque

190 3399 266 3446 tacto
285 3395 337 3447 τὸν
354 3395 480 3460 τυχόντκ
497 3394 632 3461 adjecisse
648 3402 729 3450 istam
747 3400 881 3462 copulam.
911 3426 947 3435 —
970 3402 1125 3465 pecuniam.
1144 3404 1184 3451 ita
1200 3402 1248 3448 Kr.

190 3484 292 3547 vulgo:
317 3486 445 3548 pecunia.
470 3510 505 3524 -
530 3485 747 3554 [praeterquam
764 3503 783 3538 c
801 3488 912 3552 Paulo]
938 3490 1038 3540 Aliena
1055 3493 1084 3540 et
1100 3489 1248 3552 incondita,
1312 3487 1313 3490 ’

189 3585 259 3635 quae
274 3573 376 3624 sciolus
395 3575 517 3637 sublegit
532 3575 563 3638 1,
582 3577 608 3625 9.
618 3591 627 3640 ;
652 3578 680 3626 id
698 3579 769 3638 quod
785 3579 919 3642 Vossius,
949 3579 974 3626 R
999 3579 1101 3638 aliique
1126 3576 1248 3624 animad-

187 3664 338 3711 verterunt.
356 3687 391 3699 -
407 3666 439 3714 ut
456 3664 539 3718 ludh-
557 3665 622 3714 libri
639 3669 722 3714 vett:
743 3668 774 3716 ut
791 3665 816 3716 ai
832 3666 907 3717 ludis
915 3685 927 3727 ,-
942 3669 992 3716 sed
1003 3666 1029 3716 ri
1040 3670 1129 3716 ortum
1140 3664 1248 3714 violetur

186 3762 221 3798 ex
239 3751 293 3800 ln·
311 3750 408 3800 simili:
435 3753 520 3814 igitur
539 3754 672 3802 editorem
690 3754 788 3816 hasil,
806 3756 852 3817 qni
868 3757 896 3803 id
913 3757 1035 3818 induit,
1059 3754 1171 3803 secutus
1188 3763 1246 3802 sum

185 3840 277 3899 potiar
305 3851 383 3900 quam
408 3839 440 3888 F.
466 3841 606 3904 liminum,
637 3843 800 3892 scribentem
829 3845 862 3892 ut
885 3843 911 3892 io
940 3842 1032 3907 ludio,
1060 3841 1182 3901 quamvis
1204 3841 1247 3890 illi

185 3927 374 3988 obtemperare
391 3928 498 3977 videam
515 3930 591 3979 viros
610 3915 782 3982 docbsalmos
808 3954 843 3968 -
869 3933 983 3981 tandem
1000 3930 1047 3978 lir-
1074 3939 1124 3989 pro
1142 3930 1244 3998 tamea,

186 4025 253 4072 quae
270 3999 406 4066 vocabula
425 4019 553 4066 conlundi
569 4017 668 4068 solent·
687 4033 714 4066 v.
735 4019 795 4068 119.
814 4021 974 4067 extremum.

176 4109 178 4116 ⁴
251 4101 295 4150 41.
332 4104 453 4156 homines
475 4106 525 4155 Kr.
550 4109 727 4157 annomtione
752 4119 802 4169 pro
830 4118 938 4170 omnes,
965 4115 1033 4164 quae
1059 4105 1153 4156 itidem
1180 4118 1244 4168 per·

184 4189 293 4238 misceri
316 4192 415 4243 solent.
444 4219 478 4228 —
507 4195 723 4259 antiquissimos.
751 4196 857 4244 veritus
892 4195 934 4242 cst
957 4193 1073 4242 addere:
1099 4208 1156 4246 noa
1178 4195 1245 4245 item
1275 4252 1277 4262 ,

184 4278 325 4344 recentes,
355 4280 445 4332 minora
463 4283 611 4343 crerintco;
641 4293 734 4330 veroni
764 4283 792 4330 iot
819 4281 989 4361 cogitandam
1007 4281 1157 4334 lectoribus
1175 4284 1242 4333 reli·
1489 4323 1490 4352 ,
