2998 4896
616 395 717 446 ms'l.
745 393 782 444 n.
809 395 835 444 1.
1231 369 1257 442 3

194 541 301 625 regie,
330 541 520 619 pastoralem
539 538 655 605 cultum
677 537 792 617 induit,
805 531 1032 622 immixtosque
1057 539 1171 602 eosrir
1186 541 1257 603 lio-

193 642 286 703 stium
309 639 349 702 de
362 640 532 722 industrie,
555 638 781 723 imprudenter,
800 639 901 700 mem
920 640 1030 724 ciens,
1051 640 1258 722 interemptus

136 727 142 736 ¹
191 751 253 804 est.
294 740 432 804 Codrum
449 757 521 800 oum
533 747 633 800 morte
649 748 779 800 aeterno
790 740 901 822 glorio,
914 741 1133 824 Athenienses
1144 750 1257 804 secut·

193 842 327 906 rimeris
348 851 409 902 est
449 837 530 915 Quis
549 839 631 902 enim
651 857 724 902 eum
745 859 808 902 nen
827 841 972 926 miretur,
992 841 1114 924 quibis
1138 841 1259 904 artibus

194 953 324 1006 mortem
354 940 539 1021 quaesierit,
574 940 687 1020 quihus
710 941 749 1002 ab
770 942 898 1022 ignavis
919 943 986 1005 vite
1016 942 1125 1024 quaeri
1148 936 1259 1004 soleti

194 1043 298 1124 Hujus
316 1041 399 1102 lilius
420 1041 538 1100 llledcn
556 1041 675 1122 primus
699 1041 829 1104 Archon
852 1043 992 1105 Athenis
1016 1043 1082 1104 luit
1122 1042 1173 1103 Ab
1194 1042 1256 1105 hoc

194 1143 312 1226 posteri
328 1141 411 1222 apud
432 1141 555 1203 Atticos
578 1141 652 1203 dicti
669 1141 890 1229 Medontidae,
913 1144 973 1204 sed
991 1142 1013 1206 ii
1028 1145 1256 1226 insequentes-

193 1261 256 1324 que
278 1243 460 1305 Archontes
480 1259 583 1324 usque
609 1240 649 1304 od
673 1239 868 1329 Charopem,
900 1243 972 1304 dum
991 1245 1153 1327 viverent,
1184 1261 1257 1305 eum

193 1345 344 1406 honorem
371 1343 571 1424 usurpabant.
617 1342 853 1424 Peloponnesii,
894 1343 1110 1425 digredientes
1142 1344 1257 1405 linibus

194 1445 324 1524 Atticis,
355 1445 537 1526 Megaram,
568 1443 703 1505 modium
734 1442 885 1506 Cerintho
912 1445 1112 1526 Athenisque
1136 1444 1256 1529 urbem,
1333 1450 1339 1468 '

194 1545 372 1608 condidere.
411 1545 458 1606 En
483 1553 671 1625 tempestate
687 1553 721 1607 et
735 1545 833 1628 'l'yrio
854 1545 985 1627 classis,
1008 1545 1172 1625 plurimum
1184 1545 1256 1626 pol·

193 1647 263 1708 lons
281 1641 376 1730 mori,
401 1643 447 1724 [in
462 1646 576 1706 ultimo
594 1645 769 1726 Hispaniae
792 1646 925 1728 trootu,]
942 1637 978 1706 'in
997 1653 1139 1706 extremo
1157 1645 1259 1706 nostri

193 1747 279 1808 orbis
308 1747 436 1808 termino
464 1748 598 1809 insulem
621 1747 842 1809 circumfusum
864 1746 1012 1829 Oceano,
1042 1737 1257 1826 perexiguos
1340 1777 1346 1788 1

193 1847 362 1910 continenti
385 1847 519 1909 divissm
539 1847 636 1933 lreto,
655 1845 767 1910 Gades
787 1847 934 1910 condidit.
974 1847 1024 1909 Ab
1049 1846 1161 1908 iisdem
1184 1855 1257 1928 post
1337 1909 1339 1914 ,

192 1966 313 2030 peuces
333 1967 434 2010 annos
463 1947 512 2026 [in
531 1947 668 2028 ¹Airiou]
690 1949 782 2012 Utica
807 1949 933 2012 condito
956 1958 1016 2010 est.
1064 1948 1197 2010 Exclusi
1218 1949 1258 2009 ab

194 2049 372 2122 Heraclidis
405 2049 530 2112 Orestis
562 2050 668 2133 liberi,
694 2051 866 2132 -iectetique
896 2067 969 2112 cum
995 2050 1095 2111 variis
1119 2049 1260 2132 ensibus,

194 2159 257 2210 urm
276 2150 413 2211 seorim
428 2151 535 2235 meris,
554 2151 660 2232 quinto
672 2151 797 2214 decimo
806 2154 893 2212 'anno
912 2149 1024 2213 sedem
1038 2169 1156 2230 cepere
1173 2151 1260 2214 eirea

194 2249 334 2312 Lesbum
348 2251 490 2317 insulam.

270 2353 350 2414 'lum
370 2348 508 2414 Graecis
533 2354 679 2414 maximis
695 2369 855 2416 concusso
874 2361 925 2412 est
947 2349 1090 2412 motibus.
1123 2350 1292 2433 Achaeis

193 2469 237 2514 ex
264 2453 427 2514 lreconics
462 2453 564 2536 pulsi,
598 2471 655 2515 ens
683 2469 883 2533 occupavere
914 2449 1029 2533 sedes,
1062 2467 1142 2532 ques
1175 2469 1259 2513 nunc

194 2552 348 2632 obducet,
377 2553 508 2634 Pelasgi
536 2553 682 2614 Athonem
715 2553 983 2634 commigrnver03
1019 2567 1157 2634 acerque
1187 2551 1261 2614 belli]

193 2652 338 2732 iuvenis,
378 2653 503 2714 nomine
539 2653 730 2737 Thessalus,
767 2654 891 2715 natione
925 2652 1151 2738 liresprotius,
1186 2671 1260 2716 cum

194 2771 311 2835 mogus
334 2754 450 2816 civium
470 2772 565 2815 munu
585 2771 654 2815 eam
674 2755 837 2835 regionem
860 2754 956 2816 ermis
979 2754 1156 2835 occupavit,
1176 2771 1259 2835 qrree

195 2873 278 2918 nune
298 2855 336 2916 eb
360 2855 431 2917 eius
451 2855 575 2916 nomine
594 2855 763 2916 'l'liesselin
780 2856 967 2941 appelletur,
987 2863 1059 2916 ente
1079 2853 1259 2936 Myrmido-

195 2953 309 3018 donum
331 2956 468 3017 voctote
487 2956 610 3018 civitas.
651 2953 722 3033 Quo
749 2957 873 3018 nomine
898 2955 1003 3016 miruri
1023 2955 1171 3016 convenit
1190 2971 1263 3040 eos,

196 3057 249 3136 qui
267 3056 364 3118 Iliaco
383 3066 613 3136 componentes
629 3064 770 3136 tempore
788 3057 828 3118 de
844 3074 883 3117 ee
901 3056 1042 3138 regione,
1061 3065 1096 3117 ut
1113 3055 1259 3118 'inesse-

195 3156 255 3240 lie,
288 3165 541 3218 commemorent.
580 3153 674 3232 Quod
701 3175 773 3220 cum
801 3158 853 3218 elii
878 3156 1011 3236 fociant,
1044 3157 1172 3237 'l'ragici
1190 3156 1259 3218 fre-

197 3258 401 3339 quentissime
429 3257 561 3337 fecium
583 3257 695 3338 quibus
721 3258 845 3319 minime
871 3256 904 3319 id
929 3256 1167 3319 concedendum
1192 3267 1259 3319 est:

196 3357 270 3418 nihil
295 3359 379 3420 enim
399 3375 443 3419 ex
469 3376 605 3438 persone
623 3363 752 3440 poetae,
772 3359 953 3420 secennio
974 3358 1179 3441 subitorum,
1207 3357 1260 3438 qui

197 3457 250 3520 illo
268 3467 408 3539 temporo
427 3459 592 3541 vixerunt,
612 3459 779 3522 disserunt.
806 3456 943 3536 ‹desi
963 3460 1039 3542 ptris
1055 3478 1078 3521 o
1093 3457 1263 3537 Thessalo,

197 3625 331 3674 nunquam
353 3613 382 3660 iu
402 3611 480 3661 libris
498 3615 594 3662 duetus
618 3613 654 3662 sit
674 3618 732 3663 set
749 3617 761 3663 t
777 3614 938 3664 litterarum.
968 3617 1004 3666 el.
1026 3613 1070 3664 te.
1088 3617 1117 3664 et
1137 3609 1260 3661 anunn-

197 3700 285 3749 kenio
307 3705 438 3750 annotate
457 3701 491 3749 ud
510 3701 534 3750 lr.
552 3700 571 3750 1.

265 3787 293 3836 2.
329 3787 400 3838 enim
419 3789 538 3840 additum
562 3791 596 3839 ab
614 3790 661 3851 ti,
690 3792 761 3850 quod
779 3791 889 3840 videtur
907 3792 1028 3841 haustum
1051 3804 1068 3838 e
1086 3785 1171 3836 simili
1193 3801 1260 3838 eum.

146 3861 150 3888 *
196 3882 231 3913 ³·-
248 3875 296 3938 [in
314 3901 350 3911 -
372 3875 487 3939 modu]
502 3875 551 3939 sm
564 3873 693 3940 Africa]
714 3879 973 3942 interpretationes,
991 3887 1101 3940 quorum
1121 3878 1257 3937 posterio-

196 3977 253 4014 rem
274 3977 354 4015 nemo
380 3967 463 4015 tultus
491 3967 575 4015 tuerit
602 3967 693 4016 ventris
722 3965 751 4015 iu
772 3967 899 4034 Euboea,
928 3967 958 4016 iu
984 3964 1073 4030 Aeto,
1109 3963 1138 4014 in
1157 3963 1261 4029 ltalia,

197 4055 289 4114 capite
304 4056 442 4117 sequenti,
461 4056 591 4116 siquidem
611 4054 703 4116 plures
725 4057 804 4105 luere
824 4054 984 4116 chalcidos,
1009 4054 1184 4116 Mngnesiee,
1204 4050 1264 4101 Cu·-

197 4151 274 4204 mae,
294 4143 342 4191 sed
359 4154 412 4190 rme
427 4147 530 4192 tentum
545 4143 633 4193 Utica.

270 4230 297 4277 ti.
342 4230 485 4282 dierum
497 4231 544 4281 Or.
560 4234 589 4281 et
606 4233 653 4282 Kr.
671 4231 757 4283 Ilien.
775 4239 803 4281 et
820 4229 883 4279 ellit
899 4219 1049 4296 dicerunt,
1063 4232 1162 4282 mixtis.
1179 4235 1235 4280 set
1246 4242 1266 4277 x

197 4313 312 4376 litteris3
330 4329 383 4377 que
402 4318 436 4368 de
453 4331 482 4368 re
501 4333 527 4366 v.
546 4323 678 4370 eunomia
693 4321 728 4368 ad
744 4319 778 4380 Β,
797 4315 842 4365 dtr.
