2998 4896
614 371 716 422 ursn.
743 371 780 418 u.
808 371 851 418 11.
1150 405 1156 416 ,
1216 345 1265 416 55

132 502 134 511 ’
207 517 291 596 dari)
311 525 471 580 contracta
492 516 600 578 classe
620 521 653 572 et
675 512 797 592 privata
819 521 852 574 et
873 513 1083 596 tumultuaria,
1117 515 1263 576 invectus

205 619 237 680 in
255 636 327 680 eum
347 618 468 698 locum,
488 615 519 674 in
533 632 596 692 qun
608 613 678 692 ipso
698 611 875 692 praedones
891 622 996 694 eraut,
1015 623 1136 694 partem
1159 613 1263 694 [clas-¹
1331 677 1334 688 ,

204 718 267 798 sis]
288 717 432 795 fugavit,
451 722 572 794 partem
590 711 717 795 mersit,
736 714 852 796 aliquot
869 733 971 776 naves
983 716 1161 797 multosque
1176 733 1264 777 mnr-

204 821 284 882 tales
310 819 415 900 cepit,
444 817 611 896 laetusque
630 823 801 876 nocturnae
822 817 1033 896 expeditionis
1052 817 1205 898 triumpho
1224 817 1264 878 ad

206 939 283 984 suos
302 933 456 981 reversus
480 925 544 993 est;
577 915 794 996 mandatisque
817 917 998 999 custodiae,
1025 936 1106 998 quos
1125 927 1264 1002 ceperat,

159 1073 161 1079 .
206 1023 254 1102 [in
267 1018 461 1101 Bithyniam]
475 1018 613 1098 perrexit
626 1017 666 1078 ad
681 1018 902 1097 proconsulem
917 1019 1055 1104 dubium,
1076 1019 1165 1098 [cum
1181 1019 1263 1080 idom

206 1124 288 1185 enim
308 1121 421 1183 Asiam
440 1139 510 1182 eam
532 1137 625 1200 quam
647 1117 819 1200 obtinebat]
838 1129 971 1204 petens,
992 1130 1025 1184 ut
1044 1113 1152 1184 auctor
1174 1120 1265 1184 fieret

207 1221 351 1284 sumendi
369 1221 411 1284 de
427 1221 561 1302 captivis
580 1220 734 1301 supplicii.
775 1217 868 1297 Quod
893 1240 965 1284 cnm
987 1223 1039 1282 illa
1059 1240 1096 1282 se
1112 1221 1264 1284 facturum

205 1323 380 1404 negasset,
396 1321 657 1402 venditurumque
676 1323 820 1401 captivos
835 1320 971 1384 dixisset
990 1323 1122 1404 (quippe
1142 1341 1263 1403 seque·

138 1483 141 1488 .
205 1422 294 1483 batur
312 1421 430 1486 invidia
448 1421 625 1508 inertiam),
656 1421 827 1486 incredibili
858 1423 1019 1485 celeritate
1042 1431 1193 1486 revectus
1224 1422 1264 1484 ad

205 1541 310 1607 mare,
328 1527 331 1534 ’
343 1523 524 1602 priusquam
554 1522 594 1585 de
624 1541 663 1584 ea
690 1543 725 1584 re
756 1523 809 1586 ulli
833 1524 1031 1605 proconsulis
1059 1523 1264 1586 redderentur
1309 1575 1313 1586 t

206 1623 375 1706 epistulae,
394 1641 524 1704 omnes,
545 1641 627 1704 quos
653 1635 796 1706 ceperat,
816 1625 936 1686 suffixit
954 1626 1051 1687 eruci.

282 1725 371 1788 Idem
391 1743 464 1786 mox
490 1724 531 1788 ad
562 1725 772 1788 sacerdotium
793 1726 962 1788 iucundum
985 1727 1117 1808 (quippe
1146 1717 1316 1788 absens43

204 1827 346 1909 pontifex
359 1827 462 1889 factus
476 1827 588 1888 eratin
606 1826 718 1890 Cottae
735 1829 910 1890 consularis
926 1829 1039 1910 locum,
1060 1847 1143 1913 cum,
1156 1847 1264 1908 paene

205 1945 283 2008 puer
304 1946 330 1989 a
354 1929 457 1990 Mario
488 1927 652 2009 Cinnaque
681 1927 795 1990 flamen
820 1929 920 1990 Dialis
950 1939 1098 2014 ereatusq
1132 1930 1265 1992 victoria

204 2031 332 2113 Sullae,
368 2032 421 2112 qui
440 2031 544 2092 omnia
566 2031 604 2092 ab
630 2031 670 2092 iis
691 2039 761 2092 acta
782 2029 903 2093 lecerat
924 2031 1025 2116 irrita,
1054 2031 1215 2094 amisisset
1232 2030 1264 2092 id

206 2131 433 2210 sacerdotium)
453 2132 607 2196 festinans
625 2134 657 2196 in
670 2132 800 2215 ltaliam,
818 2152 861 2194 ne
879 2133 1115 2212 conspiceretur
1133 2151 1263 2213 aprae-

207 2234 358 2316 donibus‚
391 2236 494 2298 omnia
515 2234 620 2298 adbuc
642 2234 850 2296 obtinentibus
878 2235 976 2295 maria
1002 2243 1035 2294 et
1061 2233 1172 2296 merito
1197 2233 1264 2314 jam
1330 2316 1333 2322 .

205 2334 328 2399 infestis
352 2335 431 2418 sibi,
462 2345 593 2416 quatuor
610 2337 797 2397 scalmorum
821 2353 936 2395 navem
959 2353 1022 2396 una
1047 2353 1118 2396 cum
1144 2333 1265 2396 duobus

206 2437 317 2499 arnicis
339 2437 515 2514 decemque
529 2438 635 2498 servis
652 2433 1077 2516 ingressuspeffusissimum
1093 2434 1264 2498 Hadriatici

206 2537 303 2595 maris
321 2535 443 2614 trajecit
463 2535 575 2596 sinum.
617 2534 688 2611 Quo
707 2537 832 2616 quidem
852 2536 884 2598 in
904 2555 1000 2598 cursu
1019 2536 1217 2618 redamantis,⁴
1231 2545 1265 2600 ut

205 2634 348 2716 putabat,
376 2634 543 2715 piratarum
567 2636 722 2721 navibus,
754 2655 826 2698 cum
846 2637 990 2699 exuisset
1016 2646 1158 2720 vestem,
1192 2637 1264 2700 alli-

134 2764 138 2775 ·
202 2745 381 2820 gassetque
399 2737 571 2818 pugionem
590 2736 631 2798 ad
642 2736 754 2820 lemur,
773 2739 909 2801 alterutri
922 2757 960 2800 se
977 2738 1119 2800 fortunae
1137 2757 1263 2820 parans,

204 2857 280 2900 mox
305 2837 457 2900 intellexit
477 2838 658 2906 frustratum
682 2857 759 2902 esse
785 2839 890 2900 visum
916 2857 1029 2917 suum,
1057 2839 1263 2921 arborumque

207 2957 249 3000 ex
277 2940 446 3020 longinquo
476 2939 617 3002 ordinem
643 2950 847 3003 antennarum
874 2939 1059 3020 praebuisse
1084 2939 1262 3020 imaginem.

205 3041 341 3121 Reliqua
360 3040 430 3120 ejas
449 3050 519 3103 aeta
534 3043 566 3104 in
588 3042 682 3122 urbe,
702 3042 957 3121 nobilissimaque
969 3040 1148 3102 Dolabellae
1163 3059 1262 3104 accu-

99 3149 103 3158 '
206 3143 303 3221 satio,
329 3151 360 3203 et
388 3141 486 3221 major
509 3142 644 3203 civitatis
663 3143 695 3204 in
724 3161 765 3204 ea
783 3141 874 3204 favor
900 3160 991 3223 quam
1009 3135 1060 3220 (d)
1083 3142 1149 3204 reis
1166 3161 1262 3222 prae-

208 3383 277 3461 eniin
297 3417 352 3460 turn
369 3414 411 3461 rei
429 3401 480 3461 l'uit
496 3400 625 3462 Roman'ls
642 3416 671 3462 in
687 3415 828 3480 bithynia,
856 3427 934 3477 quam
960 3415 1044 3466 multo
1070 3419 1133 3478 pust
1150 3419 1186 3464 M.
1204 3417 1262 3463 An-

206 3501 291 3550 relius
311 3499 392 3550 Cotta
409 3503 438 3548 in
456 3503 570 3550 formam
585 3504 744 3562 provinciae
763 3504 878 3566 redegit.
898 3507 1019 3554 ceterum
1036 3506 1088 3553 boc
1100 3505 1170 3551 haud
1182 3501 1262 3550 dubie

205 3591 320 3659 dederat
347 3588 547 3650 interpolator:
583 3592 641 3638 bna
664 3590 752 3657 entur,
778 3591 873 3642 itidem
895 3595 928 3642 at
952 3591 1066 3658 Aetam,
1094 3602 1156 3639 eom
1182 3589 1276 3671 quest·

208 3678 355 3728 obtinebat.

275 3765 324 3816 43.
361 3768 468 3832 mcum,
492 3779 563 3816 cam.
591 3768 693 3828 primus
709 3767 819 3830 btprlus
835 3781 911 3834 cam,
939 3767 1095 3827 absorptum
1110 3743 1264 3824 posteriore

206 3855 317 3917 syllaba
335 3856 414 3904 verbi
432 3855 540 3921 meme,
558 3859 711 3906 revocarit
727 3875 764 3892 --
783 3857 875 3907 omnic
894 3858 984 3907 adbuc
1002 3852 1186 3904 obtinentibus
1199 3863 1263 3903 mc-

207 3945 262 3996 rtc.
279 3944 360 3994 ltbrl:
393 3955 418 3994 o.
436 3946 503 3995 tanc
522 3957 547 3995 o.
564 3957 619 4012 m„
646 3948 723 4006 quasi
741 3951 796 3996 tam
814 3945 918 3994 demum
937 3947 991 3992 tam
1008 3942 1163 4004 potenttbns
1180 3943 1263 3991 tactis

207 4023 320 4096 piratisJ
334 4035 363 4082 et
377 4029 441 4092 jem
455 4035 586 4094 sequente
603 4035 633 4082 iu
649 4035 787 4095 proximis.
804 4045 883 4082 error
899 4029 1043 4092 proclivis.
1070 4053 1105 4063 —-
1133 4031 1261 4080 liudm-

209 4120 264 4170 tr'm'.
291 4120 391 4184 vulgo:
421 4122 491 4172 Adr.
518 4133 545 4170 v.
563 4121 622 4171 Fen
646 4125 679 4172 ad
706 4124 800 4172 lloral.
820 4120 852 4181 1,
871 4120 904 4180 3,
922 4117 966 4164 15.
992 4141 1027 4150 -
1054 4129 1115 4168 cam
1140 4119 1263 4169 emdsset

206 4211 316 4258 vestem.
335 4211 369 4258 ad
385 4213 559 4272 mergendum
574 4223 606 4259 se
617 4213 694 4273 marl,
712 4213 736 4259 st
754 4207 876 4269 effugere
889 4217 944 4256 non
961 4209 1063 4268 posset.
1075 4227 1111 4244 ν-
1129 4209 1156 4257 et
1168 4203 1263 4266 major

206 4317 242 4330 ·-
260 4295 337 4346 solet.
357 4309 458 4350 vereor
478 4302 506 4347 ut
524 4300 591 4348 baec
609 4311 676 4348 sana
693 4299 762 4356 sint3
789 4307 840 4344 uec
858 4295 965 4357 prollclt
982 4295 1087 4346 Heinsii
1111 4295 1262 4345 emendatio
