2998 4896
249 333 295 416 52
699 369 859 421 treunam

249 502 552 578 tinn'Antiocirinum
575 509 834 578 Vulsc‘blanlius
854 519 1105 592 cacopraccrcm.
1145 524 1308 602 Bitbpaia,

249 624 282 678 ut
301 613 532 695 praediximus,
560 622 748 677 testamenta
771 615 958 678 Nicomedis
982 617 1089 680 relicta
1109 618 1310 686 hereditaria.

249 715 353 780 Divus
372 703 540 800 Augustus
559 725 684 797 praeter
703 720 889 790 Hispaniam
908 717 1049 798 aliasque
1069 728 1199 806 gentes,
1225 740 1308 803 qua-

228 881 232 896 ι
248 837 316 881 rum
336 817 431 881 titulis
450 817 550 880 forum
571 817 641 896 eJ'us
660 815 824 897 praenitet,
843 814 926 878 iacta
938 820 1078 898 Aepypio
1099 820 1310 913 stipendiaria,

248 929 396 1003 quantum
423 927 511 999 pater
542 916 612 998 ejus
633 913 751 1000 Gallia,
783 919 814 977 in
842 917 996 979 aerarium
1024 918 1144 982 reditus
1173 924 1307 986 contulit.

246 1022 291 1084 At
310 1021 358 1082 ui.
378 1019 517 1100 Caesar,
548 1035 640 1100 quarn
668 1025 787 1082 certam
806 1016 958 1096 Hispanis
978 1019 1109 1097 parendi
1130 1021 1308 1086 confessio·

245 1129 319 1186 nem
355 1131 533 1186 extorserat
555 1139 708 1207 pamas,
748 1122 867 1196 lilytiie
909 1123 1127 1197 Delmatisque
1165 1124 1307 1198 extersit;

246 1229 410 1286 Rhoetiam
429 1235 534 1287 actem
554 1233 586 1287 et
610 1227 785 1286 Vindelicos
814 1235 854 1279 ac
873 1225 1022 1298 Noricos,
1039 1225 1311 1301 'Pannoniampae

246 1336 279 1389 et
298 1331 498 1404 Scordiscos,
529 1341 631 1386 novae
661 1322 791 1401 imperio
811 1329 919 1383 nostro
939 1319 1100 1402 subjunxit
1118 1325 1310 1404 provincias.

246 1427 289 1490 Ut
308 1426 367 1489 lias
387 1427 500 1509 armis,
520 1426 564 1486 ita
583 1424 766 1486 auctoritate
788 1427 1019 1498 Cappadociam
1038 1426 1151 1504 populo
1171 1424 1214 1487 it.
1233 1426 1310 1490 iecit

247 1526 488 1607 stipendiariam.
529 1524 597 1587 Sed
616 1533 812 1586 revertamur
832 1524 871 1585 ad
892 1523 1041 1586 ordinem.

194 1624 237 1689 40
322 1627 441 1690 Secuta
463 1625 576 1688 deinde
597 1625 656 1690 Cn.
675 1625 818 1706 Pompeji
846 1625 970 1701 militia,
1002 1627 1121 1707 gloriae
1149 1627 1306 1690 laborisue

244 1728 390 1816 majoris,
419 1729 575 1791 incertum
606 1737 666 1790 eat.
711 1729 900 1790 Penetratae
928 1747 999 1790 cum
1029 1729 1160 1791 victoria
1187 1728 1305 1811 Media,

216 1894 219 1902 ,
243 1830 391 1920 Albania,
418 1831 561 1911 Hiberia3
592 1829 705 1892 deinde
731 1830 848 1892 flexum
873 1848 989 1907 agmen
1014 1829 1054 1891 ad
1075 1849 1131 1892 eas
1152 1832 1305 1916 nationes,

244 1950 326 2014 quae
347 1932 458 1993 dextra
477 1941 570 2012 atque
589 1930 696 1993 intima
714 1930 805 1993 Ponti
825 1932 977 2014 incolunt,
997 1932 1154 2018 Colchos,
1180 1935 1306 1998 Henio-

244 2034 387 2114 chosque
408 2041 441 2094 et
459 2032 626 2112 Acbae0s3
659 2040 691 2093 et
711 2050 885 2112 oppressus
906 2034 1056 2115 auspiciis
1076 2034 1233 2123 Pompeii,
1252 2040 1305 2100 in·

243 2135 333 2198 sidiis
355 2134 408 2197 filii
428 2125 620 2215 Pharnacis,
653 2133 867 2219 Mithridates,
892 2135 1019 2197 ultimus
1039 2135 1206 2216 [omnium]
1222 2139 1303 2220 juris

243 2235 293 2301 ¹sui
313 2256 423 2318 regum
443 2245 568 2318 praeter
588 2235 764 2297 Parthicos.
804 2236 884 2297 'lum
912 2237 1014 2300 vietor
1044 2240 1194 2321 omnium,
1224 2259 1304 2320 quas

177 2361 185 2386 =
242 2338 382 2421 adierat,
402 2339 542 2422 gentium
562 2335 750 2419 Pompeius,
770 2351 893 2418 suoque
913 2346 944 2397 et
965 2337 1080 2398 civium
1100 2347 1176 2398 voto
1195 2339 1303 2421 major,

233 2451 274 2504 et
295 2461 352 2522 per
373 2441 475 2502 omnia
495 2439 647 2503 fortunam
667 2438 801 2500 hominis
821 2455 996 2523 egressus,
1025 2441 1155 2500 revertit
1185 2439 1217 2500 in
1236 2440 1303 2501 lta-

241 2542 323 2601 liam.
363 2540 463 2620 Cujus
494 2541 627 2602 reditum
655 2540 858 2602 favorabilem
889 2539 991 2621 opinio
1020 2539 1152 2602 fecerat:
1188 2543 1303 2624 quippe

241 2640 382 2721 plerique
403 2658 464 2702 nen
484 2640 554 2699 sine
572 2640 714 2701 exercitu
737 2652 904 2702 venturum
926 2642 956 2700 iu
974 2640 1081 2702 urbem
1101 2641 1304 2721 affirmabant,

242 2749 274 2801 et
291 2740 423 2800 libertati
442 2738 587 2820 publicae
607 2747 791 2800 statuturum
812 2740 936 2799 arbitrio
969 2757 1028 2799 suc
1056 2740 1191 2801 mcdrnu.
1232 2740 1303 2818 Quo

242 2840 345 2924 magis
366 2841 428 2902 hoc
448 2839 590 2902 homines
610 2843 788 2917 timuerant,
818 2837 999 2916 cognatior
1021 2837 1124 2902 civilis
1144 2841 1220 2902 tanti
1239 2841 1301 2903 lm-

242 2943 395 3023 peratoris
415 2943 533 3006 reditus
553 2939 617 3004 fuit.
640 2938 732 3002 Omni
752 2937 866 3020 quippe
880 2937 1037 3000 Brundisii
1059 2927 1188 3004 dimisso
1203 2959 1301 3005 exer-

164 3125 170 3132 ,
241 3120 471 3134 ῃ

243 3230 304 3282 Gar.
323 3234 451 3296 Sigonius
468 3235 544 3286 lieet.
565 3236 599 3284 ad
618 3247 642 3284 a.
662 3232 745 3282 aba:
766 3259 799 3269 -
817 3233 959 3286 Numidia.
978 3234 1106 3286 Ciliciam
1121 3237 1200 3299 perd.
1212 3237 1298 3288 lecu·

241 3322 327 3389 meas,
346 3323 455 3383 etpost
471 3323 495 3373 i.
512 3323 578 3376 Aac.
597 3320 646 3373 da.
663 3321 790 3372 Manlius
811 3323 896 3374 Valeo
912 3323 988 3374 Gall.
1007 3349 1041 3358 —
1056 3322 1139 3387 facto
1149 3325 1215 3392 Aep.
1232 3326 1299 3390 stip.

239 3410 320 3461 libri:
348 3407 506 3472 precidem
523 3408 656 3473 saetosi.
674 3425 713 3477 a,
731 3411 794 3461 be.
811 3409 983 3478 perfidem,
1014 3416 1044 3463 ut
1058 3415 1087 3462 iu
1103 3417 1298 3476 superioribus,

241 3499 286 3549 ubi
304 3499 372 3548 baec
396 3497 482 3546 verba
506 3497 632 3546 sublecta
656 3503 726 3548 sunt.
757 3525 792 3534 —
819 3500 938 3563 lttpriis.
955 3500 1034 3550 libri:
1059 3514 1157 3564 parem
1183 3503 1231 3550 itt
1249 3502 1297 3549 sed
1388 3565 1391 3568 Ι

239 3599 355 3652 parem,
381 3587 467 3635 crtum
485 3595 520 3632 ex
539 3587 720 3635 antecedente
736 3589 821 3638 verbo
838 3593 958 3654 porcae,
984 3591 1062 3638 recte
1080 3589 1228 3636 omiserunt
1244 3588 1298 3636 viri

242 3677 323 3726 docti.

309 3762 354 3813 40.
390 3759 546 3826 [omnium]
565 3763 677 3825 petitum
695 3766 800 3827 exiis,
819 3776 887 3826 quae
908 3767 1121 3827 subsequuntur:
1142 3773 1210 3811 cave
1225 3751 1296 3811 enirn

239 3851 266 3898 ii
287 3847 450 3915 veiiejanae
468 3853 583 3913 imputes
600 3850 763 3914 elegantiae.
792 3875 826 3888 ·-
851 3864 877 3920 q.
898 3866 921 3903 a.
939 3853 985 3902 itti
1001 3850 1113 3916 affatim
1135 3864 1194 3902 eree
1210 3847 1297 3898 morie

238 3935 302 4000 [nit.
327 3941 395 3990 haec
413 3943 540 3991 continue
558 3940 661 4002 scripta
681 3938 751 3988 buce
779 3939 807 3989 iu
833 3941 940 3990 modurn
963 3937 1171 4005 illioffatiesre,
1200 3935 1297 3985 alteris

239 4025 295 4076 iet
315 4040 328 4074 s
346 4029 481 4090 neglectis
498 4031 554 4080 ets
570 4030 599 4077 in
614 4040 630 4078 r
646 4029 766 4092 mutato,
789 4039 884 4077 errore
905 4027 1142 4089 frequentissimo,
1169 4026 1295 4074 abierunt

239 4115 267 4162 in
286 4105 471 4185 illiasaiiere,
488 4113 651 4185 iiiafatcre,
670 4113 838 4180 inaratam,
856 4116 926 4177 quoi
945 4115 1092 4164 ostendunt
1108 4114 1204 4174 cadi..
1224 4112 1295 4162 male

238 4201 305 4252 illud
324 4203 455 4252 tentatum
478 4217 495 4253 n
519 4207 614 4256 incus.
643 4207 677 4256 de
705 4205 846 4255 comitibus
867 4203 1017 4266 principum
1043 4201 1146 4252 Romae
1174 4205 1294 4253 virorum

238 4305 265 4341 r.
281 4290 330 4355 4³,
350 4289 403 4352 72,
423 4291 498 4339 suet.
522 4291 599 4344 caes.
626 4292 653 4343 4.
681 4297 709 4344 et
725 4295 845 4346 llrnestii
863 4294 896 4345 ad
916 4305 975 4342 eum
994 4303 1126 4342 excursus
1145 4290 1187 4340 io.
1208 4313 1241 4328 -
1266 4292 1295 4340 ei
