2998 4896
611 409 715 458 men.
740 407 781 491 ι..
806 409 832 457 1.
1136 442 1142 462 .
1233 385 1256 458 c
1288 395 1294 406 “

191 552 245 616 Ai
263 571 336 616 eum
366 551 425 616 Cn.
446 551 601 616 Octavius
624 559 764 636 praetor,
789 551 842 632 qui
866 549 963 614 classi
986 561 1146 636 praeerat,
1177 573 1255 635 per-

192 655 296 734 venit,
326 663 359 716 et
380 651 501 716 ratione
523 650 626 732 magis
652 667 744 733 quam
765 651 799 712 vi
817 652 991 736 persuasit,
1019 661 1053 715 ιιι
1074 671 1112 715 se
1133 651 1257 716 Roma-

190 775 302 820 norum
311 752 394 826 ,tidai
409 751 625 816 committeret.
643 751 690 814 lta
699 751 818 816 Paulus
826 753 996 816 maximum
1011 753 1258 820 nobilissimum·

192 877 254 940 que
274 873 386 936 regem
413 854 445 914 in
468 849 620 932 triumpho
645 851 748 934 duxit3
770 874 831 937 quo
853 871 935 916 anno
960 864 992 918 et
1012 853 1137 918 Octavii
1160 871 1258 934 prae-

191 959 269 1022 toris
296 951 433 1036 navalis,
469 962 501 1014 et
529 951 651 1034 Anicii,
684 971 795 1034 regem
819 951 994 1038 lllyriorum
1014 952 1162 1020 Gentium
1182 965 1258 1018 'ante

157 1101 168 1134 ι
191 1075 319 1124 currum
333 1055 475 1136 agentis,
495 1051 639 1135 triumphi
652 1051 742 1116 tuere
755 1055 910 1120 celebres.
951 1055 1054 1134 Quam
1071 1057 1113 1120 sit
1128 1057 1258 1119 assidua

193 1156 360 1222 eminentis
382 1155 522 1218 fortunae
552 1171 662 1217 comes
687 1153 807 1216 invidia
825 1157 1052 1240 altissimisque
1078 1159 1258 1244 adhaereat,

191 1259 285 1322 etiam
314 1257 376 1319 hoo
404 1255 509 1334 colligi
537 1263 657 1340 potest,
693 1257 795 1338 quod,
831 1275 905 1320 cum
933 1257 1039 1321 Anicii
1069 1259 1258 1341 Octaviique

189 1359 377 1438 triumphum
402 1376 494 1420 nemo
521 1357 747 1438 interpellaret,
773 1356 883 1444 tuere,
914 1357 967 1440 qui
991 1358 1081 1422 Pauli
1105 1351 1257 1440 impedire

191 1461 437 1524 conuitcrcntur:
466 1459 557 1522 cuius
584 1465 701 1522 mutum
722 1457 845 1540 priores
868 1459 1029 1544 excessit,
1058 1461 1112 1523 uel
1130 1461 1257 1543 magni-

191 1559 297 1624 tudine
318 1561 406 1641 regis
426 1559 555 1644 Persei,
583 1561 637 1624 vel
662 1559 773 1641 specie
799 1560 1054 1643 simulacrorum,
1085 1563 1138 1624 vel
1164 1557 1257 1624 modo

190 1662 365 1744 pecuniae,
393 1669 427 1724 ιιι
452 1659 502 1724 his
521 1659 633 1724 millies
656 1661 778 1724 centies
797 1660 856 1724 HS
880 1662 1001 1724 aerario
1027 1663 1206 1745 contulerit,
1225 1671 1258 1726 et

192 1765 329 1826 omnium
348 1771 419 1830 ante
441 1771 582 1826 actorum
598 1761 862 1843 comparationem
878 1761 1077 1844 amplitudine
1094 1765 1216 1826 vicerit.

249 1866 313 1926 Per
330 1863 413 1926 idem
432 1871 574 1948 tempus,
594 1879 666 1926 eum
681 1861 859 1926 Antiochus
871 1863 1069 1950 Epiphanes,
1090 1864 1256 1946 quihthe-
1267 1853 1309 1928 10

189 1966 242 2028 uis
275 1963 473 2046 Olympicum
499 1963 676 2046 inchoavit,
705 1971 770 2026 tum
794 1979 854 2026 rex
880 1964 1011 2048 Syriae,
1042 1951 1257 2030 Ptolemaeum

189 2083 321 2148 puerum
343 2063 557 2128 Alexandriae
575 2066 751 2149 obsideret,
771 2049 891 2130 missus
910 2076 961 2129 est
980 2065 1021 2128 ad
1042 2084 1115 2131 eum
1130 2067 1256 2150 legatus

191 2167 238 2228 ni.
260 2165 410 2248 Popillius
428 2165 574 2249 Laenas,
594 2167 646 2250 qui
667 2165 790 2230 inheret
811 2167 937 2249 incepto
963 2167 1129 2231 desistere.
1158 2167 1256 2232 Man·

192 2267 263 2330 data
284 2268 449 2351 exposuit,
470 2275 503 2330 et
528 2285 654 2350 regem,
675 2265 914 2332 deliberaturum
933 2287 972 2330 se
995 2267 1177 2348 dicentem,
1190 2271 1257 2332 eir-

191 2367 394 2450 cumsoripsit
422 2367 566 2452 virgula,
598 2367 754 2452 iussitque
787 2369 875 2450 prins
905 2385 1094 2448 responsum
1121 2369 1257 2432 reddere

189 2488 285 2552 quam
314 2467 521 2550 egrederetur
540 2469 626 2533 fluite
652 2487 774 2533 arenae
800 2467 928 2541 circulo.
963 2468 1012 2530 sic
1034 2468 1257 2550 cogitationem

188 2571 312 2654 regiam
339 2569 482 2632 Romana
509 2569 633 2632 disiecit
652 2570 844 2650 constantia,
873 2568 1093 2652 obeditumqne
1114 2569 1255 2652 imperio.

187 2672 292 2735 hucin
319 2679 423 2734 antem
450 2667 565 2749 Paulo,
596 2685 733 2752 magum
761 2669 914 2734 uictoriae
938 2671 1090 2753 compoti,
1125 2680 1255 2753 quatuor

185 2775 242 2836 tilii
265 2772 365 2836 inere.
403 2771 455 2834 Ex
477 2771 516 2835 iis
539 2771 636 2856 duos,
655 2779 730 2836 natu
746 2773 902 2853 maiores,
930 2791 1024 2836 unum
1043 2769 1082 2834 P.
1102 2771 1254 2854 Scipioni,

186 2875 225 2938 P.
242 2874 386 2938 Africani
402 2874 476 2959 filio,
495 2873 569 2938 nihil
590 2889 631 2939 ex
650 2883 782 2955 paterne
795 2875 960 2937 maiestate
973 2883 1098 2954 praeter
1111 2875 1255 2954 speciem

187 2976 325 3040 nominis
355 2975 563 3056 vigoremque
590 2973 788 3057 eloquentiae
815 2975 975 3054 retinenti,
995 2975 1027 3036 in
1055 2973 1254 3056 adoptionem

165 3093 167 3101 ’
187 3075 488 3161 dederat,.atternm
510 3073 609 3138 Pahio
629 3075 785 3154 Moxim03
806 3075 886 3136 duos
911 3074 1049 3138 minores
1068 3084 1143 3138 natu
1156 3095 1254 3157 prae-

187 3186 344 3258 textatos,
374 3195 435 3259 quo
462 3184 602 3256 tempore
625 3175 790 3238 victoriam
813 3174 949 3256 adeptus
972 3185 1039 3255 est,
1067 3176 1181 3240 hahuit.
1219 3179 1254 3240 Is

187 3297 263 3342 cum
282 3279 314 3340 in
334 3278 486 3341 concione
506 3284 595 3339 extra
613 3276 739 3360 urhem,
758 3295 845 3355 more
866 3276 1032 3362 maiorum,
1052 3287 1124 3340 ante
1142 3278 1253 3341 trium·

186 3379 242 3461 phi
272 3379 355 3440 diem
384 3379 524 3442 ordinem
552 3386 690 3441 actorum
718 3395 846 3440 suorum
871 3388 1145 3463 commemoraret,
1174 3379 1252 3441 deos

185 3625 348 3688 suspectum
365 3629 418 3674 est.
443 3623 487 3662 -'
505 3623 580 3676 obiit.
598 3624 669 3675 male
684 3625 814 3675 librarius
833 3625 959 3694 climat,
987 3629 1058 3676 slent
1078 3624 1190 3676 tuimet.
1216 3645 1251 3658 -

182 3710 317 3782 perserpit
333 3713 426 3762 lenius
444 3717 472 3762 et
484 3713 545 3775 Kr.;
565 3713 663 3775 vulgo:
680 3711 817 3782 proserpit,
835 3715 907 3764 sicut
922 3713 1082 3782 proserpere.
1099 3733 1135 3748 -
1152 3709 1250 3760 οοιοιί-

184 3803 328 3857 tereretur.
345 3803 387 3850 ita
405 3801 548 3863 Heinsius,
574 3804 706 3864 probante
724 3803 756 3852 R.
773 3801 852 3853 riori:
883 3802 983 3870 cirria,
1010 3785 1078 3864 qua'e
1095 3799 1194 3860 veria,
1220 3786 1255 3850 ut¹

184 3895 259 3946 olias
276 3902 385 3954 qaoque
402 3903 435 3942 co
451 3895 481 3940 et
498 3887 549 3958 oti,
566 3903 650 3952 seepe
670 3893 868 3942 commutantur
885 3895 914 3942 in
929 3893 994 3944 lise.

258 3977 303 4031 1⁰.
342 3970 514 4043 commouet
531 3981 573 4030 ed.
592 3978 633 4043 1.,
660 3991 739 4042 quam
766 3982 880 4030 formam
898 3981 990 4030 Leuni
1006 3977 1179 4040 adamarunt,
1196 3989 1249 4026 nec

184 4069 355 4136 spreverunt
367 4067 477 4132 Graeci,
495 4069 637 4131 praeferre
655 4071 745 4120 tamen
760 4069 838 4120 soliti
852 4065 1006 4132 Ὀλύμπιος
1017 4065 1046 4113 et
1059 4057 1246 4130 Ὀλυμπίοιος.

184 4175 212 4210 v.
231 4159 336 4211 Herod.
356 4153 393 4220 i,
411 4155 474 4205 tta.
502 4158 535 4206 lt.
554 4169 659 4220 qnoque
676 4161 800 4208 servavit
818 4152 1001 4220 Olympicum,
1028 4153 1079 4204 etri
1095 4151 1213 4216 pmlrsus
1229 4165 1248 4204 a

184 4248 340 4312 syicurgio
360 4247 530 4309 propositum
548 4245 734 4312 olympiam,
764 4246 834 4306 quod
852 4243 954 4294 accivit
970 4242 1017 4302 tir.
1047 4267 1082 4281 -
1107 4242 1247 4294 incondite

183 4339 264 4391 iibri:
282 4335 475 4399 marmurae
496 4334 632 4397 eupoaait.
