2990 4894
251 315 321 390 ila
542 421 545 430 ἕ
695 339 904 390 νιιιιιι
978 287 982 294 .

252 484 342 545 simul
363 483 500 546 utilitatis
518 501 571 546 rea
591 484 772 547 auctoritate
791 482 986 563 imperatoris
1005 477 1229 564 agi'vidimn'si
1249 473 1340 570 qua*

251 583 446 664 providentia
473 584 601 647 hiberna
626 584 778 664 disposita
797 585 882 645 sunt!
910 583 1023 665 quanto
1047 583 1140 663 opere
1165 586 1310 650 inclusos

251 683 404 749 custodiis
424 686 585 748 exercitus
599 685 696 746 nostri
716 684 837 758 hostis,
862 703 903 745 ne
927 701 988 765 qua
1002 692 1112 763 posset
1134 691 1316 771 erumpere,
1358 667 1364 674 ’

251 786 404 868 inopsque
421 787 578 866 copiarum
596 792 627 846 et
645 785 724 844 intra
743 783 921 869 adimens,
940 785 1058 846 viribus
1072 785 1207 868 haustis,
1215 789 1312 855 elan-¹

252 889 436 969 gnosceret!

181 986 244 1052 lia
329 987 571 1071 lielix'eventu,
592 985 670 1050 forte
687 995 815 1071 conatu,
840 986 939 1066 prima
957 988 1084 1050 'aestate
1108 988 1196 1071 belli,
1216 989 1314 1051 bles-⁹
1405 987 1408 994 ’

254 1088 343 1150 salini
362 1104 442 1167 opus
458 1087 666 1150 mandandum
679 1096 730 1150 est
742 1087 926 1167 memoriae,
948 1087 1000 1168 qui
1016 1087 1081 1172 vir,
1101 1089 1203 1150 animo
1220 1089 1309 1152 etiam

254 1206 347 1272 quam
366 1198 463 1272 gente
486 1189 636 1270 nobilior,
656 1188 944 1270 dignissimusque,
969 1189 1021 1269 qui
1040 1197 1072 1251 et
1089 1187 1210 1269 patrem
1228 1189 1312 1252 Cor-

253 1292 360 1354 vinum
375 1309 376 1316 ¹
389 1290 568 1369 habuisset,
596 1298 628 1350 et
652 1306 942 1368 cognomensuum
970 1289 1083 1350 Coitae
1105 1288 1192 1352 fratri
1209 1288 1320 1352 rolin-¹

255 1400 383 1473 queret,
409 1389 776 1471 praepositusslllyrico,
799 1389 901 1450 subita
923 1389 1092 1451 rebellione
1118 1406 1189 1452 cum
1211 1391 1320 1452 semi-·

254 1492 345 1572 plena
359 1491 483 1568 legione
495 1489 649 1550 vicesima
663 1487 872 1551 circumdatus
887 1489 990 1552 hostili
1005 1491 1168 1573 exercitui,
1181 1493 1313 1572 amplius

254 1591 319 1652 XX
337 1589 430 1651 millia
450 1590 585 1652 hostium
609 1590 685 1652 ludit
709 1589 910 1671 fugavitque,
943 1600 975 1652 et
997 1591 1036 1651 ob
1064 1590 1096 1652 id
1124 1594 1312 1654 ornamentis

255 1690 487 1772 triumphalibus
502 1692 670 1755 honoratus
684 1699 742 1753 est.
781 1691 828 1752 lta
844 1690 996 1754 ilaccebat
1012 1691 1152 1753 barbaris
1163 1685 1314 1754 uumerus

256 1811 353 1873 suus,
366 1793 416 1854 ῐἰιιι
431 1793 546 1856 fiducia
564 1793 691 1877 virium,
711 1801 761 1875 ut,
780 1791 956 1876 ubicunqne
975 1791 1096 1855 Caesar
1115 1802 1221 1878 esset,
1239 1793 1312 1855 ninii

254 1895 315 1973 ipsi
337 1901 533 1970 reponerent.
554 1893 635 1953 Pars
654 1894 813 1956 exercitus
835 1913 959 1978 eornm,
977 1894 1134 1976 proposita
1149 1896 1209 1975 ipsi
1232 1895 1316 1977 duci,

256 1992 295 2052 ad
314 1989 470 2050 arbitrium
494 1991 872 2070 utilitatemquenostram
894 2001 1070 2079 macerata,
1101 1971 1314 2080 perductaque

256 2091 294 2152 ad
316 2087 501 2152 exitiabilem
522 2087 655 2172 famem,
685 2109 788 2171 neque
810 2092 977 2156 instantem
1007 2097 1190 2178 sustinere,
1210 2115 1315 2177 neque

257 2209 328 2258 cum
348 2190 543 2252 'facientibus
575 2189 696 2270 copiam
724 2190 882 2270 pugnandi
913 2193 1181 2278 dirigentiburque
1214 2198 1315 2258 aciem

257 2311 335 2356 ausa
355 2293 525 2374 congredi,
544 2299 696 2372 occupato
718 2299 822 2354 moute
843 2289 989 2366 Claudio,
1010 2294 1177 2354 munitione
1195 2311 1233 2352 se
1253 2297 1314 2354 de-

258 2394 365 2458 fendit.
403 2395 446 2456 At
465 2412 504 2455 ea
530 2410 623 2475 pars,
658 2411 738 2474 quae
759 2391 881 2454 obviam
907 2408 944 2452 se
969 2389 1121 2452 effuderat
1151 2391 1314 2476 exercitui,

258 2514 350 2577 quem
364 2495 411 2564 Ἀ.
422 2494 562 2557 Caenina
577 2503 609 2556 et
628 2495 776 2557 Silvanus
794 2493 933 2560 Plautius
949 2493 1132 2556 consulares
1148 2510 1190 2554 ex
1208 2501 1326 2555 trans-.

257 2595 384 2657 marinis
404 2594 599 2658 adducebant
619 2581 806 2678 provinciis,
837 2592 1026 2658 circumfusa
1055 2593 1191 2676 quinque
1208 2595 1321 2674 legio*

257 2696 348 2758 nibus
370 2696 501 2777 nostris,
528 2696 801 2778 auxiliaribusque'
826 2707 858 2759 et
887 2695 1034 2776 equitatui
1055 2696 1153 2778 regio
1183 2696 1325 2776 (quippot

258 2813 404 2878 magnam
419 2795 573 2858 'l'hracum
591 2813 715 2858 manum
731 2796 859 2876 junctus
874 2795 1043 2876 praedictis
1055 2795 1188 2859 ducibus
1202 2793 1314 2859 liboe-
1412 2795 1414 2806 '

260 3025 361 3072 mutata
383 3036 417 3072 ex
431 3024 563 3076 industria
580 3037 675 3074 sensus
698 3037 787 3075 eausa.
817 3027 902 3077 minus
924 3026 1101 3089 probabiliter
1121 3027 1211 3089 Ilipa:
1232 3025 1313 3076 inca-

261 3109 361 3175 rimus,
379 3111 420 3160 ll:
439 3113 622 3166 eciatrsirnres.
641 3102 673 3152 ὲ-
689 3113 874 3178 procidentia.
893 3115 981 3165 codex
1001 3117 1045 3164 iric
1056 3127 1173 3177 quoque:
1189 3115 1317 3178 praeiet-

262 3197 311 3248 tia.
329 3197 396 3247 illud
414 3201 501 3250 iiurm.
521 3203 606 3266 dedit,
624 3215 659 3251 ne
677 3204 745 3252 idem
764 3202 925 3253 vocabulum
947 3201 1054 3252 tantillo
1070 3201 1217 3251 intervallo
1234 3213 1324 3262 repe·¹

263 3289 341 3336 tatur.
360 3309 393 3320 —
410 3288 497 3339 boetia
514 3290 705 3342 immittendum
718 3302 778 3340 esse
790 3292 859 3340 vidit
876 3291 909 3356 li,
927 3290 996 3358 quod
1011 3291 1122 3340 verbum
1138 3290 1315 3351 intercepisse

263 3376 370 3426 videtur
385 3377 525 3426 consimile
540 3378 648 3439 nostri,·
667 3379 788 3442 idemque
805 3377 948 3442 'vulgatum
964 3376 1051 3429 boalia
1066 3379 1094 3425 in
1106 3373 1230 3439 -Ιιαιιεὶὶι,
1258 3379 1275 3428 i.
1292 3391 1326 3426 e:

164 3458 168 3462 ’
264 3465 414 3526 exhaustis,
431 3466 585 3514 mutandum
604 3463 664 3516 esse
680 3465 825 3517 intellexit.

333 3552 411 3602 1ia.·
428 3551 509 3602 Felice
526 3555 634 3620 eventa,
651 3551 727 3616 sorte
744 3558 854 3607 cancia
882 3555 1158 3618 Hysterouproteron,
1174 3557 1316 3617 incertum,

264 3635 418 3704 Vellejine,
447 3653 481 3691 an
504 3640 622 3704 librarii,
650 3645 695 3703 qui
724 3647 922 3706 praeoccupata
943 3653 993 3704 per
1015 3643 1213 3694 festinationem
1234 3646 1320 3693 verbe

265 3729 349 3779 Felix
365 3732 461 3782 triento
474 3733 547 3793 post,
565 3731 611 3780 ubi
622 3741 741 3779 errorem
752 3733 850 3793 sensit,
868 3742 1001 3792 reponere
1013 3729 1134 3794 legitimo
1146 3731 1209 3782 loeo
1221 3721 1317 3789 noluit,

265 3820 336 3867 netu
349 3818 456 3868 liturae.
473 3841 508 3854 -—
525 3817 668 3870 acerrimi.
687 3820 759 3868 cod:
776 3822 900 3870 etc-ta.
918 3843 952 3854 -
967 3819 1111 3883 flectebat.
1128 3821 1199 3870 male
1215 3817 1314 3867 codex:

263 3902 410 3970 placebat,
429 3908 442 3955 i
461 3908 488 3956 et
504 3905 633 3968 plitteris
650 3907 784 3968 contusis,
804 3911 832 3956 ut
850 3919 874 3956 c.
893 3907 918 3954 2.
935 3905 1012 3956 huius
1027 3907 1091 3958 libri
1110 3912 1138 3958 et
1149 3908 1216 3969 apud
1228 3902 1320 3952 Pirae--

266 3989 341 4040 drum
357 3994 413 4043 inb.
430 3994 461 4058 2,
480 3995 514 4060 2,
532 3996 565 4058 8,
587 3996 649 4045 ubi:
667 3992 744 4059 pinpi
758 4006 806 4054 pro
824 3995 901 4061 finpi.
918 3995 982 4044 binc
997 3999 1078 4046 etiarn
1096 3995 1169 4059 ferri
1185 4003 1233 4053 pro
1247 4001 1316 4051 per·-

265 4074 337 4141 ierri
356 4082 485 4142 scriptum
510 4084 628 4134 arbitror
652 4065 721 4144 u'pud
741 4083 852 4131 enodem
876 4084 930 4133 iob.
954 4084 984 4147 1,
1006 4084 1038 4147 4,
1063 4083 1105 4148 4.',
1135 4091 1193 4131 cum
1220 4076 1316 4126 similis
1351 4094 1352 4104 ι

266 4164 346 4216 simili
362 4167 500 4219 offecisset
517 4170 649 4230 syllabae.
668 4195 702 4206 ·-
719 4169 779 4235 ipsi.
794 4170 878 4222 liber:
897 4171 990 4240 inae,
1003 4167 1219 4234 quemadmodum
1230 4167 1321 4216 lincea·

267 4259 330 4308 drus
350 4255 404 4305 lab.
421 4254 452 4315 3,
472 4255 521 4318 10,
542 4257 594 4306 ³2:
625 4259 857 4322 Repraesentavit
876 4273 905 4310 nr
932 4271 965 4312 se⁴
976 4271 1091 4323 poenam
1111 4254 1247 4319 facinoris
1267 4266 1318 4318 pro
