2998 4896
623 365 726 447 urso.
752 397 790 445 1..
816 397 843 445 1.
1079 379 1082 390 '
1216 370 1263 444 13

204 538 266 602 dini
285 537 549 621 conducentibus,
569 539 675 597 sicas
694 535 922 621 perdidissent,
950 554 1051 600 novas
1074 557 1132 600 eos
1148 539 1263 624 ¹reddi·

202 651 299 704 turos.
341 639 417 702 Non
436 648 556 721 tannen,
583 645 668 719 puto,
688 636 827 724 dubites,
846 637 968 723 Vinici,
991 638 1065 720 quin
1083 640 1187 720 magis
1206 659 1264 720 pro

200 741 380 822 republica
407 738 516 821 buerit,
545 754 671 801 manere
696 738 799 800 adbuc
824 737 933 800 rudem
963 737 1190 802 Corinthiorum
1210 741 1264 802 in-

201 843 377 921 tellectum,
412 856 506 918 quam
524 837 556 897 in
578 846 693 899 mutum
713 857 753 900 ea
771 840 921 924 intelligi,
950 849 983 903 et
1011 840 1084 922 quin
1104 841 1167 903 bac
1184 861 1263 920 pru·

200 942 306 1005 dentis
323 940 376 1001 illa
396 937 599 1018 imprudentia
618 938 725 1000 decori
744 941 868 1020 publico
888 941 981 1004 fuerit
1001 941 1247 1004 convenientior.

319 1163 355 1246 r.
384 1161 657 1247 Nouium
687 1159 1139 1274 concisionum,

192 1333 281 1420 post
303 1323 463 1434 Romam
488 1345 514 1396 a
540 1321 662 1397 Gallio
688 1331 837 1419 coptam
868 1329 971 1398 iussu
985 1323 1168 1400 ‚Senatus
1192 1326 1261 1400 de·

350 1445 569 1534 doctorem,
596 1443 690 1518 libro
709 1443 742 1518 Ι.
761 1453 797 1518 et
813 1443 867 1519 ΙΙ.
883 1449 1111 1541 interposito.

277 1636 357 1700 Cum
378 1637 500 1700 facilius
521 1635 674 1717 cuiusque
694 1637 740 1698 rei
767 1637 798 1698 in
828 1655 922 1698 unum
944 1646 1104 1700 contracta
1130 1635 1311 1722 speciosis

200 1757 292 1820 quam
313 1738 415 1799 divisa
437 1736 626 1817 temporibus
649 1736 749 1798 oculis
774 1736 949 1819 animisque
966 1737 1145 1823 inhaereat,
1170 1741 1264 1802 stanri

198 1844 333 1920 priorem
353 1839 444 1900 liuius
463 1837 632 1900 voluminis
649 1836 920 1919 posterioremque
938 1847 1070 1926 partem,
1090 1858 1152 1902 non
1163 1840 1263 1902 inutili

199 1959 302 2004 rerum
322 1941 428 2003 riotitia
446 1940 478 2000 in
497 1947 617 2000 arctum
636 1947 810 2022 contracta,
830 1938 1042 2022 distinguere,
1073 1949 1168 2022 atque
1187 1941 1281 2004 huic.

189 2042 270 2120 ,loco
289 2041 442 2122 inserere,
462 2059 543 2123 quae
571 2058 695 2122 quoque
710 2048 867 2125 tempore,
885 2050 959 2121 post
977 2038 1111 2104 Romam
1129 2039 1260 2106 aGcllis

200 2141 335 2224 captam,
355 2142 490 2208 deducta
506 2141 547 2202 sit
559 2141 686 2224 colonia=
695 2140 790 2221 jussu
809 2153 950 2206 senatus.
989 2143 1073 2205 Nam
1086 2143 1261 2207 militarium

200 2253 232 2306 et
248 2251 412 2308 causaest
435 2251 582 2305 auctores
600 2242 738 2323 ipsarum
757 2243 955 2325 praefidgent
972 2243 1156 2306 nominibus.
1175 2246 1261 2308 Huic

198 2347 244 2408 rei
276 2366 334 2427 per
363 2343 447 2407 idem
474 2351 599 2424 tempus
628 2342 787 2406 civitatem
818 2351 1039 2423 propagatam,
1072 2353 1261 2427 auctumque

196 2446 373 2509 Romanum
402 2463 517 2508 nornen
550 2445 767 2506 communione
799 2443 892 2525 iuris,
924 2441 1006 2505 haud
1038 2443 1262 2525 intempestive

197 2547 370 2607 subtexturi
388 2545 543 2606 videmur.
581 2547 660 2607 Post
679 2553 802 2626 septem
817 2562 934 2624 anuos,
946 2562 1046 2630 'quarn
1061 2541 1143 2607 Galli
1152 2545 1261 2608 urbem

197 2655 366 2729 ceperunt,
395 2652 538 2708 Sutrium
571 2645 706 2709 deducta
732 2645 854 2708 colonia
887 2655 954 2728 est,
984 2655 1018 2738 ct
1044 2655 1117 2727 post
1144 2633 1258 2710 aunum

197 2754 322 2824 Setiam
350 2766 530 2829 novemque
548 2746 722 2810 interiectis
748 2747 838 2810 annis
858 2754 983 2826 Nepet,
1007 2747 1137 2824 deinde,
1156 2747 1258 2812 inter-

195 2850 307 2930 positis
329 2848 450 2912 duobus
471 2859 502 2912 et
520 2849 665 2932 triginta,
696 2851 819 2910 Aricini
840 2857 949 2911 et....
970 2849 1001 2910 in
1021 2849 1184 2914 civitatem¹
1200 2869 1257 2912 re-

196 2951 290 3031 cepti.
310 2951 436 3014 Abhinc
456 2969 556 3012 enoos
575 2961 680 3013 autem
699 2950 863 3032 CCCLX,
892 2950 950 3029 Sp.
975 2948 1154 3035 Postumio,
1184 2951 1258 3012 Vc·

195 3053 274 3116 turio
294 3050 428 3113 Calvino
451 3050 567 3135 Coss,
597 3056 765 3126 Componis
793 3049 865 3112 data
887 3058 938 3113 est
970 3049 1084 3113 civitas
1115 3051 1258 3134 partique

196 3159 397 3228 Samnitium,
430 3152 500 3212 sine
526 3149 695 3231 suffragio,
724 3159 757 3212 et
775 3149 888 3212 eodem
907 3169 988 3213 auno
1010 3156 1102 3213 Goion
1122 3152 1257 3216 deducta

195 3253 326 3314 colonia.
371 3243 544 3316 interiecto
568 3252 682 3314 deinde
711 3251 842 3314 triennio
865 3255 1015 3337 Eandem·
1037 3260 1069 3314 et
1088 3259 1258 3316 'Formiani

194 3352 226 3413 iu
245 3353 404 3416 civitatem
423 3353 563 3436 recepti,
581 3371 620 3414 ee
639 3353 710 3434 ipso
729 3371 821 3438 anno,
842 3371 902 3434 quo
917 3353 1111 3418 Alexandria
1131 3355 1255 3418 condita

195 3461 260 3532 est,
296 3453 597 3537 insequentibusque
629 3452 724 3516 Coss.
756 3471 794 3516 ac
823 3454 880 3534 Sp.
910 3453 1087 3539 Postumio,
1123 3455 1254 3517 Philone

193 3551 324 3615 Publilio
343 3553 528 3616 censoribus
550 3558 722 3618 Aemonio
750 3553 822 3617 data
840 3555 972 3636 civitas,
1002 3566 1035 3620 et
1061 3563 1135 3637 post
1153 3552 1253 3614 trien·

192 3654 276 3717 nium
294 3660 498 3716 domnoniam
513 3654 648 3718 deducta
661 3655 798 3736 colonia3
817 3655 1063 3740 interpositoque
1083 3651 1252 3736 quadrien·
1330 3657 1335 3668 ’

190 3871 303 3922 possum
320 3857 414 3910 dicere
429 3870 535 3924 quore,·
552 3859 741 3910 uootautom
755 3873 869 3923 possam
886 3860 994 3911 dicere:
1021 3856 1053 3908 N
1057 3868 1099 3906 oa
1117 3867 1192 3906 crac
1208 3859 1249 3908 te.

192 3959 243 3996 nec
262 3945 375 3996 multum
394 3946 524 3997 abludunt
539 3948 594 3998 isto
613 3945 718 3996 Comici
734 3932 926 4011 Mostellaria,
941 3956 1026 3996 scena
1042 3940 1080 3990 1.:
1104 3941 1183 3994 Perii
1199 3959 1251 3998 cao·

191 4048 234 4085 me
254 4033 409 4086 cerberos?
427 4035 570 4086 ΤΒΔΝΙΟ.
590 4035 678 4097 Quia
692 4035 795 4088 vicis.

261 4122 304 4173 14.
340 4128 471 4176 coctores
497 4149 533 4162 —
552 4126 719 4178 'nominitaa
745 4126 832 4176 liber:
866 4123 940 4172 oact.
969 4122 997 4170 et
1020 4118 1039 4171 i.
1055 4133 1100 4184 pr.
1127 4122 1248 4176 amna.
1338 4117 1343 4124 ’

191 4211 331 4262 Heinsius:
350 4216 425 4265 auct.
440 4225 475 4263 cc
485 4212 537 4278 ipe.
547 4228 592 4278 pr.
607 4215 725 4281 nomiae,
743 4214 812 4274 quod
824 4208 987 4271 approbavit
1001 4207 1043 4274 it,
1060 4212 1144 4262 edidit
1156 4213 1204 4262 Kr.
1213 4235 1249 4248 -

191 4297 290 4359 Nepet.
310 4301 390 4351 Livio
409 4301 534 4364 Νομία,-
564 4304 640 4352 cuius
658 4315 683 4349 v.
702 4299 865 4358 interpretes
881 4297 917 4346 ad
936 4295 969 4359 6,
986 4297 1017 4360 e,
1035 4299 1063 4348 8.
1087 4323 1122 4340 -
1145 4313 1182 4354 ae
1198 4302 1247 4365 sp.
