2998 4896
275 299 323 372 ot
722 317 884 368 vesunu

225 480 265 544 53
348 459 520 542 Pompejns
534 459 718 540 profugiens
730 479 802 523 curn
818 461 939 523 duobus
951 461 1086 523 Lentulis
1100 472 1337 556 consularibus,

273 563 438 642 Sextoque
459 561 539 644 lilio,
557 572 590 622 ct
608 559 751 622 Favonio
771 565 946 647 praetorio,
968 543 1044 644 quos
1062 566 1194 628 comites
1213 573 1245 630 ei
1265 573 1336 635 lor-

271 673 347 726 tuna
374 669 630 746 aggregaverat,
655 661 742 745 eliis,
769 672 806 724 at
832 669 984 742 Parmos,
1020 664 1102 745 aliis,
1129 677 1165 727 at
1185 649 1336 742 Africam

270 775 410 842 peteret,
436 770 469 823 r'rr
482 782 546 840 pua
555 763 769 834 fidelissimum
782 770 922 835 pertram
943 783 1076 825 suarum
1095 769 1215 828 baberet
1226 788 1334 844 repam

273 869 407 944 satan,
428 861 651 943 suadentibus,
673 862 859 942 Aegyptum
878 873 989 943 petere
1010 868 1188 951 proposuit,
1212 887 1332 934 memor

273 965 513 1043 beneficiorum,
551 965 686 1046 quaein
715 972 837 1043 patrem
864 962 938 1044 ejus
964 965 1158 1054 l'tolemaei,
1191 971 1330 1050 quitum

272 1085 370 1148 puero
389 1085 481 1149 quam
503 1066 616 1148 juveni
641 1066 767 1147 propior
793 1065 944 1148 regnabat
964 1067 1196 1155 Alexandriae,
1226 1081 1329 1133 contu-

272 1169 360 1232 lerat.
400 1169 468 1234 Sed
482 1171 554 1252 quis
567 1170 598 1232 in
608 1168 754 1230 adversis
774 1166 997 1228 beneficiorum
1012 1180 1123 1234 servat
1135 1167 1332 1234 memoriani

274 1279 327 1334 aut
347 1272 418 1352 quis
434 1272 527 1334 ullam
547 1269 736 1332 calamitosis
748 1267 855 1330 deberi
874 1275 960 1348 putat
972 1264 1129 1350 gratiam?
1150 1280 1204 1334 aut
1218 1271 1339 1354 quando

273 1373 395 1435 fortuna
416 1391 478 1434 non
501 1377 598 1432 mutat
620 1362 741 1454 fidem?
780 1369 875 1432 Missi
893 1371 997 1452 itaque
1020 1371 1059 1432 ab
1079 1391 1180 1458 rege,
1208 1373 1340 1436 corrsilio

274 1473 427 1534 Theodoti
448 1479 481 1532 et
502 1469 634 1549 Achilli,
660 1471 713 1552 qui
733 1471 913 1534 venientem
936 1471 995 1535 Cn.
1011 1472 1195 1554 Pompejum
1214 1475 1260 1553 tis
1272 1475 1340 1555 jam

273 1590 293 1636 a
312 1570 477 1654 Mytilenis
500 1570 678 1636 Cornelium
691 1587 840 1654 morem,
861 1582 1021 1654 receptam
1040 1574 1071 1636 in
1090 1591 1219 1660 navem,
1239 1575 1339 1654 fugae

274 1674 421 1738 comitem
443 1674 559 1737 babere
583 1671 747 1752 coeperat)
771 1675 974 1755 exciperent,
999 1675 1272 1758 hortarenturque,
1303 1669 1338 1739 ἰιι
1364 1735 1366 1740 .

275 1795 317 1840 ex
349 1778 491 1848 oneraria
516 1777 547 1838 in
578 1792 647 1835 eam
675 1791 805 1860 navem,
848 1793 930 1856 quae
962 1775 1086 1838 obviam
1125 1788 1336 1858 processerat,

274 1879 519 1942 transcenderet.
560 1873 652 1951 Quod
675 1893 746 1937 oum
770 1874 919 1962 lecisset,
949 1879 1098 1959 princeps
1120 1879 1257 1941 Romani
1276 1898 1337 1942 no-

273 1979 364 2041 minis
389 1977 519 2056 imperio
540 1975 727 2058 arbitrioque
753 1977 907 2058 Aegyptii
929 1979 1092 2061 mancipii,
1124 1977 1165 2041 C.
1184 1979 1337 2059 Caesare,

272 2081 309 2142 P.
329 2078 465 2142 Servilio
485 2077 598 2163 Cosa,
613 2077 776 2159 jugulatus
798 2085 858 2138 est.
896 2079 959 2142 Hic
978 2090 1051 2160 post
1069 2087 1135 2142 tres
1155 2082 1338 2144 consulatus

273 2189 306 2244 et
323 2180 450 2244 totidem
469 2181 651 2263 triumphos,
671 2179 881 2258 domitumque
894 2187 1048 2242 terrerum
1060 2179 1176 2264 orbem,
1196 2183 1337 2248 sanctis·

274 2283 345 2345 simi
366 2292 461 2368 atque
484 2283 746 2365 praestantissimi
764 2280 840 2363 viri,
872 2281 902 2341 in
925 2279 957 2340 id
977 2282 1098 2361 evecti,
1133 2299 1229 2360 super
1252 2283 1336 2361 quod

274 2386 405 2448 ascendi
438 2407 499 2450 aon
524 2395 644 2472 potest,
678 2381 1019 2464 duodesexagesimum
1050 2399 1164 2452 annum
1198 2381 1335 2462 agentia,

274 2485 373 2567 pridie
394 2489 529 2548 natalem
554 2488 672 2568 ipsius,
702 2486 787 2548 vitae
809 2484 865 2548 suit
889 2485 1012 2566 exitus3
1044 2483 1076 2546 in
1096 2491 1213 2546 tantum
1235 2485 1267 2546 in
1285 2483 1336 2545 illo

274 2588 343 2650 viro
366 2605 385 2647 a
413 2605 452 2648 se
472 2587 672 2650 discordante
692 2588 833 2671 fortuna,
866 2597 899 2649 ut
924 2587 976 2650 cui
1000 2586 1152 2648 modoad
1174 2586 1338 2650 victoriam

274 2700 357 2753 terra
380 2688 536 2768 defuerat,
566 2688 697 2750 deesset
720 2689 760 2749 ed
784 2690 984 2767 sepulturam.
1025 2685 1108 2763 Quid
1132 2686 1215 2747 aliud
1243 2703 1337 2770 qnam

274 2794 401 2855 nimium
422 2799 593 2873 occupatos
607 2789 752 2869 dixerim,
775 2805 855 2868 quos
875 2788 905 2848 in
921 2775 1023 2849 aetate
1043 2787 1169 2862 attenti
1187 2795 1219 2848 et
1234 2775 1336 2868 paene

275 2897 374 2960 nostri
396 2894 497 2960 seculi
514 2894 575 2956 viri
594 2891 703 2954 fefellit
725 2889 985 2972 quinquennium,
1005 2905 1078 2950 cum
1102 2886 1174 2950 aC.
1194 2888 1289 2950 Atilio
1305 2897 1338 2950 et

277 2997 318 3075 Q.
348 2999 485 3062 Servilio
517 2995 613 3059 Coss.
645 3003 708 3057 tam
740 2991 841 3054 facilis
856 3073 860 3084 ‚
878 2997 968 3052 esset
995 3007 1146 3051 annorum
1175 2983 1337 3070 digestio?

230 3101 232 3116 '
276 3096 369 3176 Quod
387 3099 508 3182 adjeci,
528 3117 590 3161 non
610 3106 642 3158 ut
661 3113 845 3180 arguerem,
865 3092 926 3156 sed
943 3111 984 3154 ne
1006 3110 1181 3170 arguerer„

275 3273 367 3326 victor
381 3269 465 3339 jam,
494 3275 597 3334 ignum
616 3245 768 3323 adverbio*
785 3274 839 3320 lmo
857 3282 902 3320 res
922 3269 996 3318 dicte
1013 3271 1056 3318 est
1080 3281 1129 3330 pro
1148 3281 1279 3332 persona,
1309 3274 1338 3320 ut

276 3362 393 3414 Flaccus
418 3360 476 3408 sat.
505 3360 535 3423 l,
563 3361 597 3422 2,
622 3361 682 3410 tta:
719 3359 809 3426 inquit
836 3357 975 3409 sententia
1002 3357 1051 3408 dia
1080 3357 1211 3426 Catonis,
1242 3361 1288 3410 ubi
1311 3372 1336 3406 v.

277 3449 417 3503 lleiadorl.

346 3541 402 3590 58„
423 3535 558 3602 [coneilio
579 3537 714 3588 Theodoti
731 3541 759 3588 et
772 3534 895 3598 Achilli]
913 3537 999 3585 verba
1016 3535 1083 3584 baec
1102 3537 1255 3596 importuno
1272 3531 1335 3582 loco

277 3633 369 3694 posita
385 3629 513 3692 leguntur
529 3628 592 3688 post
615 3628 756 3688 coeperat.
785 3649 820 3660 ·-·
846 3622 976 3688 Aeppptr'r'
994 3619 1135 3683 mancipii.
1160 3620 1268 3668 Pothini
1286 3629 1334 3668 eu-

277 3721 367 3770 nuchi.
386 3731 413 3766 ν.
433 3713 536 3766 Cacsar
552 3716 586 3764 ‹le
603 3715 632 3763 ll.
652 3711 682 3762 C.
700 3715 734 3776 3,
754 3712 820 3777 104,
839 3709 898 3762 tos.

347 3806 394 3858 ⁶4.
429 3805 495 3858 Non
516 3801 572 3867 fnit
587 3815 660 3853 nanc
674 3799 778 3864 major.
800 3803 870 3852 Ma.:
890 3815 917 3853 n.
937 3800 959 3866 t.
982 3790 1029 3870 an,
1048 3809 1098 3859 pro
1111 3789 1154 3859 ri‘c,
1166 3795 1270 3857 opinor,
1282 3793 1335 3840 bc.

277 3903 360 3962 nana,
373 3909 408 3946 m·
426 3893 529 3958 vulgo:
547 3890 585 3943 N·
597 3888 653 3954 full
671 3884 773 3949 mador·
791 3913 821 3924 -·
845 3889 1031 3954 Quapropter.
1048 3889 1099 3936 boc
1116 3883 1245 3946 scriptum
1260 3891 1335 3928 coar-

277 3976 524 4049 penaropuappts
541 3982 632 4032 fucum
649 3978 728 4040 fecit,
754 3977 865 4041 cptuor,
891 3977 1018 4038 imperito
1035 3974 1163 4035 librarlo,
1190 3969 1219 4018 ut
1236 3966 1334 4032 qnippe

187 4095 192 4109 ¹
277 4077 308 4116 ὅθ
325 4064 421 4127 legere
440 4073 637 4135 arbitraretur,
660 4067 730 4133 quod
753 4065 852 4116 lrabeat
872 4065 949 4115 codd.
978 4087 1012 4097 —
1042 4058 1148 4124 [pueri
1174 4053 1336 4120 superstiti]

278 4153 399 4219 putidum
416 4155 562 4216 glossema.
579 4183 615 4196 -
641 4156 752 4208 cluebat
770 4150 889 4204 crolllus
904 4155 938 4203 et
956 4151 1062 4214 quldam
1078 4146 1134 4198 alil.
1153 4144 1236 4198 liber:
1255 4144 1336 4196 iubar

280 4243 419 4305 (cluebat,
438 4243 529 4308 uibar,
547 4233 636 4309 tubat,
655 4246 758 4302 tubae).
