2998 4896
648 350 751 399 nrsr.
776 349 813 398 n.
841 323 889 398 1.'
1263 327 1286 400 7

223 509 317 574 quarn
336 489 524 554 allemanie
545 500 728 574 caperetur,
747 490 838 551 annis
860 491 984 553 circiter
1005 491 1133 554 CCLX.
1165 491 1285 570 Quodsi

221 595 265 656 ita
283 601 354 673 ost,
375 611 448 654 enm
461 593 523 653 sint
542 609 564 652 a
587 590 697 672 Capua
725 598 815 671 cepta
835 593 908 652 anni
934 592 1073 678 CCXL,
1104 605 1137 656 ut
1162 595 1286 658 condte

221 703 289 778 est,
312 693 416 772 [anni]
437 691 853 772 sunttereD.1igo(pace
878 691 1058 772 diligentiae
1081 693 1211 756 Catonis
1233 695 1284 758 di·
1329 775 1334 780 μ

220 795 340 874 xerim)
359 795 417 854 vix
434 790 629 875 crediderim,
649 800 712 853 tem
727 802 848 855 matrue
863 803 981 856 tentem
999 795 1107 856 urbem
1127 799 1293 886 crevisse,

223 897 390 975 duruisse,
409 892 607 974 concidisse,
627 894 856 956 resurrexisse.

299 994 515 1058 Clarissimum
538 992 653 1054 deinde
672 994 807 1055 omnium
827 996 980 1058 ludicrum
998 1006 1173 1078 certamen,
1194 1007 1227 1060 et
1242 989 1317 1060 rd8

225 1093 425 1160 excitandum
461 1094 601 1175 corporis
619 1095 621 1100 '
638 1094 795 1175 animique
832 1097 978 1159 vidutem
1017 1098 1283 1180 efficacissimum,

221 1197 436 1278 Olympiorum
456 1194 621 1278 [initium,]
641 1194 746 1256 habuit
764 1205 925 1258 auctorem
943 1198 1075 1278 Iphitum
1092 1201 1211 1264 Eleum.
1250 1201 1283 1260 Is
1322 1227 1324 1234 ¹

220 1317 280 1360 eos
300 1297 391 1359 indos
411 1305 644 1377 mercatumque
667 1296 797 1358 instituit
820 1305 892 1356 ante
912 1315 1031 1382 annos,
1052 1317 1143 1380 quam
1168 1309 1218 1381 tn,
1237 1300 1283 1362 M.

221 1398 343 1482 Vinici,
364 1397 558 1459 consulatum
573 1397 687 1478 inires,
706 1395 885 1460 dccciv.
924 1397 996 1460 Hoc
1022 1417 1148 1461 sacrum
1172 1399 1287 1462 eodem.

220 1501 290 1562 loco
309 1498 495 1560 instituisse,
513 1496 611 1558 fertur
630 1496 743 1560 abhinc
772 1497 991 1560 annos’ierme
1010 1479 1135 1562 MCCIJ
1153 1501 1284 1582 Atreus,

222 1617 294 1662 enm
314 1599 422 1679 Pelopi
452 1599 531 1679 patri
560 1597 709 1662 funebres
734 1599 825 1662 indos
847 1598 984 1680 iacerem
1018 1619 1080 1680 quo
1106 1599 1231 1682 quidem
1252 1601 1285 1664 in

220 1701 341 1764 ludicro
375 1698 571 1781 omnis[que]
599 1700 729 1780 generis
763 1700 966 1762 certaminum
994 1701 1153 1762 Hercules
1183 1703 1284 1764 victor

221 1802 333 1863 extitit.
371 1801 451 1862 'lina
477 1799 613 1862 Athenis
639 1801 784 1881 perpetui
801 1800 983 1862 Archontes
1012 1819 1088 1861 esso
1114 1801 1284 1882 desierunt,

219 1918 292 1964 cnm
313 1899 427 1964 fuisset
445 1902 570 1963 ultimus
589 1901 781 1980 Alcmaeone,
803 1899 1036 1983 coeperuntque
1057 1903 1090 1963 in
1110 1902 1210 1964 denos
1223 1920 1283 1964 an-

221 2019 281 2064 nos
312 2002 427 2085 creari,
458 2019 539 2084 quoe
565 2002 761 2064 consuetudo
785 2002 816 2064 in
841 2020 943 2064 annos
968 2003 1062 2064 erX
1080 2004 1210 2083 mansit,
1244 2021 1284 2066 ac

219 2102 333 2174 deinde
358 2103 449 2165 aunis
473 2103 645 2166 commissa
664 2113 715 2166 cst
737 2103 973 2186 magistratibus
994 2117 1049 2165 res
1071 2105 1204 2184 publica
1232 2103 1283 2165 hir

218 2203 275 2287 iis,
295 2204 348 2286 qui
369 2203 461 2266 denis
478 2204 569 2266 annis
587 2204 808 2287 praefuerunt,
820 2195 938 2286 primes
959 2204 1015 2266 init
1032 2203 1187 2286 Charops,
1209 2205 1282 2267 niti-

217 2323 289 2368 mns
307 2305 461 2387 Eryxias3
482 2321 525 2366 ex
547 2305 659 2368 annuis
682 2307 801 2387 primns
824 2305 939 2367 Creon.
966 2305 1068 2366 Sexta
1085 2303 1283 2387 Olympiade,
1321 2321 1324 2326 ¹

216 2415 290 2486 post
311 2404 393 2468 duos
412 2415 443 2468 et
462 2405 574 2488 viginti
597 2424 713 2488 annos,
745 2423 838 2488 quom
860 2404 959 2485 primo
979 2404 1146 2468 constituta
1170 2404 1282 2485 therst,

218 2505 373 2582 Romulus
397 2505 509 2566 Martis
531 2507 629 2592 fitius,
655 2504 889 2586 nitnsinjnrias
912 2504 981 2587 avi,
1014 2503 1148 2566 Romam
1173 2504 1282 2566 urbem

219 2606 374 2670 Parilibus
390 2606 422 2668 in
445 2607 563 2668 Palatio
587 2605 742 2687 condidit;
762 2624 782 2667 a
805 2625 866 2688 qno
889 2614 1029 2686 tempore
1049 2603 1165 2666 advos
1186 2604 1281 2667 Coss.

169 2765 171 2768 .
217 2709 290 2770 anni
320 2716 394 2770 snut
421 2706 660 2771 DCCLXXXI.
707 2707 743 2770 id
767 2715 872 2770 aemm
900 2715 974 2787 post
1002 2705 1127 2786 Trojam
1159 2715 1281 2787 captam

218 2810 310 2870 annis
329 2808 606 2872 CCCCXXXVII
606 2851 779 2871 ........
818 2807 885 2871 Sed
905 2808 1011 2888 gessit
1028 2805 1200 2892 Romulus,
1219 2807 1280 2870 ad-
1362 2843 1371 2854 Δ

220 3035 334 3093 pserunt
350 3030 426 3098 nini,
446 3030 515 3097 aiei,
542 3042 603 3081 enm
621 3033 669 3079 vix
682 3032 779 3095 matini
794 3031 886 3079 dicant
902 3028 1012 3080 initiam
1028 3028 1104 3094 repis
1122 3042 1172 3091 pro
1188 3029 1277 3095 repsi.

219 3121 308 3182 igitur
327 3119 491 3168 scribemus:
525 3119 607 3168 Inter
629 3120 680 3169 hoc
697 3121 805 3180 tempus
827 3119 858 3168 et
884 3115 993 3166 Mum
1010 3117 1089 3182 rapui
1108 3117 1170 3168 Ass.
1188 3117 1279 3170 istor-

135 3227 138 3231 *
221 3211 288 3258 aaut
306 3211 359 3257 eto.
743 3253 746 3258 .

289 3298 316 3345 8.
351 3295 460 3348 initium
485 3297 509 3344 si
538 3297 683 3358 genuinum
711 3299 800 3358 esset,
830 3288 956 3356 Vellejus
981 3295 1138 3356 scripsisset
1163 3297 1280 3346 auctore

221 3383 314 3446 iphito
333 3383 402 3433 Eleo
420 3386 479 3431 sive
496 3383 578 3449 Elio,
604 3383 673 3443 quod
692 3383 776 3430 edidit
792 3381 856 3431 Alrii
872 3382 982 3446 Nepos,
1009 3381 1091 3445 longe
1110 3383 1279 3437 ,violentiore

221 3483 287 3520 usus
303 3472 444 3519 medicina.
471 3473 560 3520 scatet
573 3472 617 3519 hic
633 3480 729 3519 noster
746 3470 927 3532 glossematis.
954 3493 990 3506 ·-
1016 3468 1160 3520 DGCOIV.
1178 3469 1277 3516 Rhea:

221 3557 421 3621 mccxxiii,
438 3569 516 3620 quem
533 3563 644 3608 secutus
662 3562 705 3608 est
721 3559 754 3606 B.
772 3559 881 3622 Lipsius
898 3561 927 3607 in
942 3560 1051 3609 ordine:
1069 3556 1211 3607 DGGGIV.
1229 3557 1278 3604 sed

220 3651 249 3697 in
265 3651 345 3698 nota:
369 3649 477 3711 „Atqrri
494 3649 580 3708 primo
598 3647 740 3708 Olympias
756 3644 891 3712 iphitea,”
912 3650 1015 3710 inquit,
1033 3642 1194 3710 „praecedit
1210 3644 1278 3692 dur-
1334 3691 1337 3698 ,

222 3741 298 3786 taxet
313 3735 432 3784 mulam
450 3736 524 3785 urhis
548 3739 597 3793 (ex
615 3730 719 3798 Velieji
743 3745 806 3786 mox
822 3738 972 3792 sententio]
995 3737 1072 3784 annis
1091 3733 1173 3780 ffli.
1208 3733 1278 3784 sent

220 3830 313 3876 antem
336 3825 370 3874 ab
398 3822 448 3874 illo
471 3825 509 3872 nd
536 3823 705 3874 consulatum
730 3824 831 3872 Vinicii
857 3825 921 3873 anni
948 3818 1149 3872 ccccxxxii.
1184 3821 1280 3883 itaque

220 3914 325 3968 clarum
341 3911 397 3975 est,
416 3914 500 3962 scribi
516 3913 633 3992 dehere:
657 3909 806 3977 occcw,
825 3911 949 3962 detracta
964 3908 1121 3958 centenaria
1137 3905 1225 3958 nota’'
1240 3933 1276 3946 -

169 4021 173 4026 ·
222 4003 272 4053 red
287 4001 527 4068 pessitliomnlus.
545 4002 570 4050 h.
588 4013 630 4050 e.:
653 4002 804 4062 etquidem
821 4001 849 4049 id
865 4000 952 4062 gessit
969 3997 1044 4045 Rom
1061 3994 1124 4046 libri
1140 3998 1277 4056 asyam
1349 4023 1353 4034 ·

222 4092 388 4153 importuno:
406 4089 437 4142 id
454 4089 542 4155 poerit
552 4090 605 4157 it,
623 4101 684 4139 omn
703 4091 777 4140 forte
794 4090 890 4138 imusta
905 4087 980 4134 esset
994 4083 1087 4132 littera
1103 4083 1214 4134 initialis
1225 4087 1277 4137 scd

223 4179 375 4238 partiendae
392 4182 434 4238 (v.
451 4191 514 4231 ann.
529 4180 562 4228 ad
581 4180 678 4229 vocab.
695 4175 773 4228 socri
790 4175 824 4236 Β,
838 4172 909 4234 dih),
927 4172 989 4220 dein
1005 4172 1041 4224 ed
1055 4173 1083 4221 in
1099 4172 1130 4224 id
1145 4175 1276 4222 mutatum

225 4277 321 4318 seusus
339 4279 429 4320 causa
466 4269 514 4318 Sic
538 4268 611 4318 enim
639 4264 730 4318 selani
749 4261 870 4314 horath:
902 4271 996 4312 marca
1018 4261 1123 4312 moira
1149 4262 1275 4324 student,
