2998 4896
261 351 310 424 58
626 403 630 414 ·
714 373 875 424 usuum

261 519 308 580 Μ.
329 518 481 584 Catonem
510 535 529 579 n
557 538 592 580 re
618 518 742 600 publiea
762 519 928 600 relegavit.
968 518 1094 599 Quippe
1121 520 1227 601 legem
1249 525 1326 610 tulit⁷

260 631 298 680 ut
310 627 339 680 ie
355 631 504 696 quaestor
523 639 593 681 eum
600 623 681 692 jure
692 627 868 700 praetorto,
890 624 1011 694 adjecto
1030 629 1125 682 ettam
1146 636 1323 703 quaestore,

260 729 437 782 mitteretur
460 729 494 782 tn
517 727 653 782 insulam
669 725 828 800 eppe-em,
849 731 893 782 od
914 729 1113 800 spoliandum
1136 743 1229 800 reptio
1242 733 1323 788 Pto-

261 829 427 901 lemaeum,
450 823 594 886 omnibus
613 839 734 884 morum
752 822 839 884 vitiis
856 841 927 884 eum
941 826 1157 888 contumelium
1171 830 1324 891 meritum.

261 925 329 988 Sed
349 926 401 986 ille
421 926 479 986 sub
500 925 669 986 adventum
684 922 815 986 Catonis
834 924 921 986 vitoe
937 940 1016 988 suae
1030 928 1095 988 vim
1110 929 1219 1004 intulit3
1237 931 1323 994 unde

260 1027 426 1108 pecuniam
456 1028 551 1108 longe
583 1032 709 1105 sperato
742 1024 892 1106 majorem
932 1028 1012 1090 Coto
1026 1105 1030 1112 ,
1044 1027 1178 1090 Romam
1211 1033 1320 1093 retulit.

262 1128 362 1209 Cujus
382 1129 592 1210 integritatem
607 1125 691 1189 houd
702 1126 831 1211 lauteri,
851 1126 942 1189 nefus
957 1138 1022 1210 est;
1042 1130 1208 1193 insolentia
1223 1143 1323 1212 paene

260 1231 351 1311 argui
371 1239 493 1311 potest,
516 1229 618 1312 quom
639 1246 701 1290 une
721 1244 793 1289 eum
813 1227 911 1309 Cosst
929 1245 968 1292 ue
985 1239 1106 1294 senatu'
1119 1231 1221 1294 effusa
1241 1235 1324 1296 eivi-

161 1331 162 1338 ’
261 1330 486 1412 inmobilem,
510 1349 581 1394 eum
598 1347 657 1411 per
680 1327 816 1388 Tiberim
845 1328 964 1392 subiret
990 1331 1141 1417 novibus,
1170 1351 1231 1395 nou
1253 1344 1326 1397 ente

261 1436 289 1496 is
311 1451 466 1514 egressus
486 1440 554 1513 est,
588 1448 680 1511 quom
700 1427 741 1490 ud
761 1447 832 1491 eum
855 1430 958 1492 loeum
986 1435 1150 1517 pervenit„
1180 1436 1231 1496 ubi
1259 1447 1327 1500 erut

193 1541 195 1550 '
262 1534 449 1615 exponenda
468 1533 613 1614 p‘eeunie.

209 1636 251 1700 46
340 1635 421 1697 Cum
451 1633 565 1696 deinde
595 1635 749 1696 immanes
779 1650 850 1714 res,
883 1634 939 1695 vix
972 1637 1076 1698 miultis
1116 1637 1327 1699 voluminibus

263 1737 488 1824 explicandas,
519 1736 555 1800 C.
586 1735 759 1800 Caesario
780 1728 882 1798 Gellia
908 1745 1034 1818 egeret3
1069 1755 1131 1800 neo
1159 1731 1325 1800 contentus

262 1841 403 1921 plurimis
423 1859 462 1903 ue
483 1839 676 1901 felicissimis
692 1837 846 1920 victoriis,
866 1838 1203 1922 innumerabilibusque
1219 1841 1325 1902 eaesis

262 1950 295 2002 et
315 1942 416 2021 neptis
435 1941 571 2002 bostium
590 1939 739 2022 millibus,
766 1939 858 1999 etium
875 1940 910 1999 'in
930 1936 1326 2023 Britannium‘lrujeoisset

263 2041 455 2127 exereitum,
475 2040 604 2102 alterum
631 2057 733 2122 poene
753 2039 883 2120 imperio
903 2050 1011 2103 nostro
1034 2057 1073 2104 eo
1087 2059 1146 2104 suo
1168 2056 1326 2126 quaereus

263 2143 385 2206 orbem:
401 2143 543 2225 juuolum
563 2159 619 2224 par
640 2141 820 2222 consulum,
845 2141 904 2204 Cn.
925 2141 1096 2225 l‘ompejus
1117 2151 1149 2206 et
1164 2145 1325 2208 Mnes-

263 2265 337 2332 sus,
359 2248 489 2308 alterum
509 2245 608 2306 iniere
627 2243 841 2324 consuletum3
863 2245 915 2324 qui
935 2263 1039 2327 neque
1057 2248 1173 2326 petitus
1193 2249 1326 2311 honeste

262 2349 301 2411 ub
321 2350 382 2428 bis,
403 2365 507 2430 neque
525 2346 725 2430 probabiliter
744 2354 858 2427 gestus
878 2355 939 2408 est.
979 2346 1111 2409 Caesari
1132 2351 1216 2432 lege,
1233 2366 1325 2430 quom

262 2452 434 2534 l'ompejus
457 2451 497 2513 ud
517 2451 664 2533 populum
689 2449 775 2529 tulit,
803 2455 990 2530 prorogatae
1016 2449 1048 2510 in
1079 2449 1164 2511 idem
1192 2451 1327 2533 spatium

201 2544 203 2552 '
262 2555 413 2634 temporis
433 2553 631 2634 provinciam
660 2551 801 2635 Crasso,
831 2551 945 2613 bellum
965 2551 1145 2616 Parthicum
1173 2551 1328 2616 inanimo

261 2655 417 2740 molienti,
438 2655 534 2735 Syrie
557 2655 696 2717 decreta.
737 2651 798 2730 Qui
818 2653 883 2737 vir,
904 2661 1011 2715 cetera
1031 2656 1251 2718 sanctissimus
1264 2657 1326 2717 im-

263 2757 430 2836 munisque
450 2755 681 2836 voluptatibus‚=
707 2773 812 2834 neque
839 2757 870 2816 in
889 2756 1024 2834 pecunia
1050 2773 1154 2834 neque
1174 2757 1204 2817 iu
1225 2757 1325 2836 glorio
1355 2829 1363 2840 ἱ

258 2855 516 2939 ooneupisoentlu
537 2864 591 2918 eut
609 2855 735 2917 modum
766 2865 874 2937 noret,
907 2865 959 2918 aut
981 2857 1125 2942 capiebat
1150 2860 1325 2922 terminum.

216 2967 218 2972 ’
262 2959 359 3025 Hune
378 2960 632 3044 proficiscentem
652 2958 684 3018 in
706 2955 831 3039 Syrium
849 2958 927 3021 diris
945 2977 1017 3022 eum
1038 2958 1190 3022 ominibus
1214 2960 1326 3022 tribuni

263 3063 347 3144 pleb.
367 3063 482 3126 frustra
501 3063 636 3124 retinere
657 3065 770 3123 eonati.
820 3058 960 3138 Quorum
980 3062 1220 3124 exsecrationes
1246 3062 1326 3123 siin

263 3151 607 3245 ipsum'tuntummodo
635 3163 827 3248 veluissent,
865 3163 930 3226 vile
955 3163 1151 3244 imperatoris
1181 3163 1325 3226 damnum

265 3265 355 3347 salvo
376 3268 519 3328 exercitu
538 3265 653 3337 fuisset
671 3266 717 3328 rei
736 3264 900 3348 publleoe3
922 3264 981 3328 sed
1000 3274 1237 3344 transgressum
1256 3267 1326 3329 Elu-

264 3369 405 3450 phratem
434 3367 608 3453 Crassum,
640 3376 862 3450 petentemque
895 3367 1092 3449 Seleuciam,
1125 3368 1326 3431 circumfusis

266 3469 450 3532 immunibus
479 3469 580 3550 copiis
611 3471 765 3553 equitum,
797 3487 855 3531 rex
885 3467 1013 3532 Orodes
1042 3489 1104 3532 una
1131 3489 1203 3534 eum
1236 3479 1323 3550 perte

266 3572 385 3655 majore
412 3568 547 3636 Romani
574 3572 736 3634 exereitus
763 3572 927 3636 interemit.
973 3571 1137 3651 Reliquiae
1167 3573 1325 3651 legionum

267 3673 305 3737 C.
327 3673 481 3751 Cassius,
507 3671 696 3734 atrocissimi
715 3691 789 3735 mox
809 3682 918 3737 suntor
939 3671 1107 3756 facinoris,
1139 3681 1203 3734 tum
1224 3687 1325 3748 quae-

272 3799 495 3814 Ἢ

267 3861 371 3913 temere
388 3863 506 3927 repellis
524 3871 539 3911 e
557 3861 663 3909 vlelnls.
691 3871 718 3907 v.
738 3855 831 3922 cujac.
851 3860 915 3910 obs.
934 3858 968 3922 t,
988 3862 1012 3907 9.
1043 3883 1077 3896 —-
1103 3859 1178 3910 baud
1201 3853 1324 3905 teodori.

267 3951 358 4017 houd,
376 3963 429 4013 quo
447 3953 542 4002 eereut
558 3947 638 4013 llbrl,
664 3943 844 4011 eujleleudum
865 3961 939 4012 esse,
957 3947 1044 3996 Aldus
1061 3959 1148 4008 nepos
1165 3945 1265 4004 nlllque
1282 3944 1324 3991 in·

269 4035 444 4091 tellexerunt.
464 4042 508 4090 cul
527 4041 591 4089 voci
608 4033 701 4088 olleelt
717 4035 815 4098 procul
833 4036 913 4085 dublo
931 4030 1022 4086 slmlle
1039 4036 1176 4096 sequentis
1194 4032 1307 4082 inltium.

336 4125 382 4179 tu.
413 4123 545 4186 junctum
568 4137 632 4193 per.
661 4128 701 4176 lta
722 4125 769 4176 ΚΓ.
787 4124 866 4175 libri:
892 4125 984 4175 vietor
1012 4136 1091 4188 pore.
1118 4134 1176 4186 por
1202 4122 1325 4172 seriben-

271 4217 330 4265 ‹lum
362 4225 437 4278 esse,
476 4215 569 4277 plures
599 4215 854 4266 animadverterunt.
884 4234 919 4251 —
952 4213 1008 4264 olle
1036 4211 1128 4275 lupe,
1163 4211 1256 4261 Heius.
1283 4211 1325 4274 lt,

272 4305 333 4370 alil,
360 4305 577 4368 quemadmodum
602 4307 713 4356 Tacitus
731 4305 784 4358 otte
805 4307 933 4359 domnum
956 4304 1023 4354 (lixit
1051 4303 1120 4352 Anu.
1139 4299 1172 4365 2,
1189 4300 1230 4350 85.
1250 4300 1327 4350 lion:
