2990 4894
263 352 310 426 96
711 385 873 438 vennam

263 529 370 590 lerona
401 535 550 594 terrarum
583 528 648 591 orbi
676 531 856 611 praesentia
885 529 973 610 paeie
1006 547 1083 593 suae
1117 534 1220 618 bona3
1264 551 1328 608 tum

263 630 414 712 Sentius,
445 630 525 696 forte
555 639 588 694 et
609 631 697 722 solus
717 639 749 692 et
768 631 902 693 absente
928 629 1067 694 Caesare
1094 639 1226 725 oonsul,
1254 660 1328 708 oum

263 731 323 793 alia
345 732 451 813 prisea
474 732 646 796 severitate
663 747 849 811 summaque
866 731 1043 794 constantia
1061 729 1217 811 [veterum
1243 758 1328 808 oon-

263 833 368 896 snlum
388 851 476 896 more
497 830 750 910 atr-severitate]
777 830 960 911 gessisset,
990 833 1193 913 protraxisset
1219 841 1325 922 publi,

263 951 412 998 eanoram
432 932 580 1015 fraudes,
599 931 745 1014 punisset
771 930 943 1017 avaritiam,
962 934 1163 1015 regessisset
1181 937 1212 1002 lu
1231 957 1324 1006 aera·

262 1033 504 1117 rinmpeormias
513 1034 667 1117 publioas,
687 1033 797 1096 lumin
814 1031 949 1094 eomitiis
962 1033 1118 1098 habendis
1129 1039 1324 1121 praealpnnni

260 1137 331 1218 egit
350 1135 554 1217 [consulem]¹
594 1138 679 1200 Nam
701 1145 733 1198 et
753 1142 953 1216 quaesturam
975 1143 1141 1216 petentes,
1173 1157 1253 1224 quos
1279 1142 1327 1206 in.

264 1239 380 1322 dignos
395 1237 564 1322 judicavit,
585 1239 739 1316 {profiteri
756 1234 870 1320 vetuit,
906 1244 955 1319 et,
982 1253 1056 1299 oum
1082 1229 1119 1301 id
1133 1239 1277 1308 tammus
1296 1260 1333 1308 se

264 1352 526 1424 perseverarent,
555 1345 771 1417 consularem,
809 1343 839 1396 al
868 1342 902 1397 io
928 1356 1072 1414 eampum
1090 1347 1334 1425 descendissent,

263 1449 431 1504 alodiorum
466 1441 601 1503 minatus
630 1448 699 1519 est3
738 1446 771 1501 et
800 1437 984 1521 Egnatium,
1017 1439 1181 1504 florentem
1221 1443 1333 1508 lavore

264 1543 405 1623 publico,
425 1547 685 1624 sperantemque,
705 1549 739 1602 ut
757 1537 933 1621 praeturam
953 1539 1117 1623 aedilitati,
1146 1545 1190 1608 ita
1211 1563 1334 1610 oonsu-

264 1645 359 1707 lalum
376 1653 542 1727 praeturae
563 1660 602 1705 se
619 1642 814 1726 juneturum,
845 1642 990 1716 profitere·
1008 1643 1123 1727 vetuit,
1155 1653 1188 1707 et
1206 1663 1278 1706 oum
1298 1647 1331 1708 id

261 1765 329 1809 'non
348 1745 549 1829 obtinuisset,
563 1744 697 1829 juravit,
718 1748 840 1806 etiamst
853 1745 962 1818 foetos
981 1755 1064 1806 esset
1083 1747 1330 1823 eonsulooffro-

265 1853 325 1924 piis
341 1853 465 1926 populi,
498 1857 602 1908 lamen
619 1863 654 1907 re
674 1828 745 1906 eom
762 1865 827 1908 mou
850 1849 1113 1909 renuntiaturum.
1154 1843 1248 1926 Quod
1266 1865 1329 1928 ego

265 1947 383 2009 laetum
411 1946 537 2010 cuilibet
568 1955 712 2008 veterum
740 1945 904 2008 consulum
936 1944 1055 2027 gloriae
1089 1948 1331 2030 comparandum

209 2037 211 2046 “
263 2062 359 2126 reor,
378 2045 441 2106 nisi
460 2044 544 2124 quod
564 2047 743 2108 naturaliter
761 2043 866 2107 audita
884 2046 967 2109 visis
984 2047 1147 2110 laudamus
1175 2047 1332 2131 libentius,

262 2143 448 2226 praesentia
466 2141 603 2229 invidia,
633 2145 800 2226 praeterita
824 2149 1029 2211 veneratione
1044 2151 1281 2237 prosequimur,
1302 2159 1335 2212 et

165 2293 167 2300 .
267 2245 329 2308 illis
346 2261 410 2307 nos
427 2245 532 2329 obrui,
546 2244 601 2308 bis
620 2245 730 2309 instrui
750 2243 917 2306 eredimus.

217 2355 257 2420 93
344 2346 431 2410 Ante
450 2347 614 2430 trienninm
634 2349 718 2432 lere,
749 2363 842 2430 quam
860 2343 1076 2424 Egnatianum*
1089 2348 1197 2404 seelus
1222 2365 1332 2408 erum-

151 2523 154 2532 !
263 2455 376 2534 peret,
403 2449 489 2513 oiroa
514 2449 669 2512 Murenae
688 2445 921 2528 Caepionisque
949 2441 1170 2522 conjurationis
1193 2451 1333 2525 tempus,

267 2547 379 2610 abbino
398 2566 499 2611 annos
518 2550 557 2634 11,
590 2549 636 2609 Μ.
654 2547 842 2632 Marcellus,
874 2543 992 2608 sororis
1013 2543 1153 2628 Augusti
1175 2543 1330 2610 Ootaviae

267 2648 367 2732 lilius,
388 2665 482 2732 quem
504 2648 648 2710 homines
670 2648 728 2732 ita,
748 2648 868 2731 siquid
891 2647 1063 2711 aooidisset
1083 2646 1232 2730 Caesari,
1252 2660 1332 2711 sue-

269 2769 434 2815 oessorem
460 2749 616 2831 potentiae
644 2747 714 2830 equ
737 2749 961 2813 arbitrabantur
990 2747 1146 2830 furnum,
1173 2757 1210 2810 ut
1228 2756 1331 2810 tamen

269 2854 304 2917 id
325 2853 579 2940 per-Agrippam
597 2867 711 2914 seouro
741 2853 771 2913 ei
799 2867 897 2931 posse
927 2850 1112 2932 contingere
1134 2867 1196 2912 non
1218 2849 1332 2912 existi·

150 2957 153 2962 '
265 2965 402 3044 merent,
420 2953 731 3036 magnificentissimo
748 2971 877 3016 munere
899 2951 1065 3014 aedilitatis
1085 2950 1178 3034 edito,
1194 2950 1334 3015 decessit

272 3057 438 3120 admodum
453 3053 598 3138 juvenis3
628 3071 724 3137 sane,
754 3063 787 3118 ut
820 3053 921 3140 ajunt,
946 3055 1150 3136 ingenuarum
1179 3051 1336 3139 virtutum,

265 3159 436 3241 laetusque
455 3155 548 3218 animi
570 3164 602 3218 et
626 3157 761 3242 ingenii,
784 3156 1004 3240 fortunaeque,
1023 3156 1055 3217 in
1075 3173 1167 3238 quam
1187 3153 1335 3238 alebatur,

265 3271 384 3342 auplex.
423 3258 502 3320 Post
510 3257 608 3340 enjus
630 3259 744 3322 obitum
761 3258 921 3341 Agrippa,
942 3258 1010 3344 qui,
1030 3256 1089 3319 sub
1112 3257 1222 3338 speeie
1240 3255 1336 3318 mini-

343 3511 387 3563 92.
423 3513 517 3576 putide
540 3513 662 3565 llbraril:
687 3515 851 3580 praesentio
877 3529 947 3580 suu,
979 3527 1039 3564 eum
1056 3514 1129 3564 vell.
1155 3514 1229 3562 dieat
1257 3513 1337 3578 pacis

159 3659 163 3674 ι
274 3603 347 3654 bono
362 3601 542 3669 praesentia,
561 3602 629 3652 boe.
647 3607 758 3668 parata,
772 3605 862 3655 voerta.
878 3617 905 3652 v.
923 3603 955 3653 R.
974 3626 1009 3637 -
1035 3598 1333 3664 [ocimum—seueri·

274 3691 347 3750 tate]
373 3691 567 3754 laterpretatio
590 3690 715 3741 subleeta
740 3693 769 3742 la
794 3693 907 3754 vietum,
937 3701 1016 3752 quam
1042 3689 1146 3751 prldem
1172 3689 1336 3752 improbavit

271 3779 428 3844 tamarem,
446 3781 494 3830 Kr.
512 3777 623 3828 delevit
639 3801 675 3814 -
694 3779 870 3839 [consulem]
889 3789 924 3828 oe
942 3779 1010 3827 liaeo
1027 3777 1133 3838 quidem
1150 3779 1334 3841 genuinavox

275 3869 333 3932 est,
351 3870 400 3919 sed
420 3869 496 3931 eius,
526 3869 572 3931 qul
587 3877 685 3917 nomen
703 3868 888 3932 desideraret,
915 3865 985 3928 quod
1001 3861 1139 3928 adjectivo
1154 3867 1339 3940 praeeipuam

276 3958 539 4024 accommodaretur,
572 3968 632 4005 eum
650 3956 677 4004 ld
694 3957 747 4017 per
764 3967 795 4004 se
813 3956 912 4005 dixerlt
928 3953 1017 4018 vell,
1046 3957 1076 4004 ut
1095 3951 1151 4004 cle.
1177 3965 1217 4004 or.
1241 3965 1291 4018 pro
1302 3955 1338 4002 ¹1².

273 4043 358 4096 asella
366 4047 390 4094 θ.
402 4060 409 4095 :
428 4047 502 4112 quod
512 4045 579 4098 mibi
587 4042 695 4096 consuli
704 4042 886 4107 praeeipuam
896 4039 953 4104 sirit
968 4044 1087 4105 praeter
1099 4042 1179 4095 alios.
1188 4067 1223 4078 -
1240 4045 1335 4092 extre-

269 4136 492 4195 ·mo'eapaeoddt
506 4137 534 4186 et
542 4131 713 4198 praeseutia.
724 4153 759 4166 -
768 4130 849 4180 fldem
860 4139 1006 4192 perverse:
1020 4132 1048 4184 et
1056 4130 1098 4182 lia
1108 4145 1183 4198 rr.·o.,
1196 4129 1255 4182 illie
1264 4130 1282 4181 ι’.
1296 4141 1337 4182 er.

349 4219 392 4268 98.
427 4220 679 4285 restaurabant,
706 4217 825 4282 quamdi
841 4217 1046 4282 alliqueseoutl
1063 4221 1140 4272 aunt:
1169 4231 1268 4272 seerrro
1284 4227 1335 4280 pro

281 4313 381 4365 vitiosa
397 4310 549 4374 scriptura,
568 4321 645 4371 quam
663 4309 747 4360 ltlen.
766 4309 862 4374 babet,
879 4319 1000 4362 securos.
