2998 4896
251 335 296 410 32
695 355 855 408 venusti

253 523 313 588 qne
331 501 371 581 0.
388 505 578 567 Hortensius
597 506 627 566 in
644 505 818 568 Annalibus
837 505 905 568 suis
924 507 1039 586 retulit3
1059 507 1166 586 pietati
1182 511 1306 588 plenam
1387 536 1391 544 ·

251 605 383 686 populus
411 605 452 668 it.
474 607 605 688 gratiam
626 604 779 689 reddidit,
817 608 921 687 ipsum
946 607 1056 668 viritim
1080 606 1210 670 civitate
1244 609 1306 671 do-

250 705 372 794 nando,
391 709 471 772 duos
489 707 572 770 tilios
590 706 661 766 eius
680 705 818 768 creando
836 716 1010 792 praetores,
1029 725 1100 770 cum
1119 708 1189 770 seni
1202 709 1306 772 adhuc

250 819 440 872 crearentur.
480 811 558 870 'l'am
576 806 665 867 varia
684 814 778 886 atque
798 816 888 868 atrox
906 808 1028 871 fortuna
1047 809 1143 872 Italici
1154 809 1225 872 belli
1239 810 1305 893 fuit,

250 919 284 974 ut
303 931 360 992 per
378 909 533 970 biennium
556 907 735 969 continuum
755 905 816 969 duo
836 905 969 970 Romani
990 910 1155 988 consides,
1173 910 1307 976 Rutilius

173 1024 176 1033 ¹
251 1030 290 1074 ac
309 1010 423 1073 deinde
443 1008 524 1071 Cato
543 1009 693 1094 Porcius,
719 1009 757 1076 ab
777 1009 919 1072 hostibus
948 1010 1182 1093 occiderentur,
1211 1031 1306 1074 exer-

251 1111 333 1174 citus
362 1112 399 1172 P.
424 1109 464 1184 u,
491 1111 595 1174 multis
622 1112 652 1174 in
682 1112 764 1174 iocis
793 1108 1011 1188 funderentur,
1043 1119 1141 1192 utque
1168 1114 1209 1176 ad
1230 1129 1325 1198 saga«
1363 1168 1366 1171 .

250 1214 364 1296 iretur,
387 1211 502 1294 dinque
521 1213 553 1276 in
576 1231 615 1274 eo
640 1211 744 1275 habitu
765 1218 960 1274 muneretur·
993 1211 1097 1291 Caput
1116 1213 1236 1296 imperii
1263 1220 1311 1280 sui

252 1313 423 1378 Corfinium
452 1315 609 1395 legerant,
643 1313 726 1393 quod
751 1311 943 1393 appellarunt
970 1317 1120 1375 italicam.
1160 1317 1311 1381 Paulatim

252 1413 366 1479 deinde
384 1413 566 1494 recipiendo
586 1413 617 1473 in
639 1412 806 1494 civitatem,
827 1414 880 1494 qni
900 1431 985 1474 arma
1005 1422 1057 1477 aut
1074 1435 1135 1478 non
1152 1429 1312 1502 ceperant,

251 1525 304 1579 aut
322 1508 534 1596 deposuerant
553 1515 718 1594 maturius,
749 1514 837 1576 vires
870 1514 1010 1578 reiectae
1040 1527 1129 1605 sunt,
1160 1519 1313 1602 Pompejo

252 1618 401 1698 Sullaque
420 1625 453 1678 et
471 1615 574 1679 Morio
602 1617 750 1678 fluentem
782 1615 1100 1699 procumbentemque
1128 1639 1194 1681 rem
1212 1621 1250 1682 P.
1269 1623 1310 1684 it.

252 1717 496 1782 restituentibus.

203 1826 243 1890 Γ(
329 1820 432 1893 Rinito
452 1837 494 1880 ex
513 1820 648 1881 maxima
666 1829 770 1903 parte,
805 1823 865 1884 nisi
894 1842 956 1905 qua
984 1824 1126 1887 Nolanae
1145 1826 1310 1888 manebant

254 1922 414 2002 reliquiae,
433 1920 540 1983 Italico
556 1921 636 1982 bello
656 1921 736 2001 (quo
756 1923 881 2002 quidem
899 1925 1034 1987 Romani
1053 1925 1148 1986 victis
1165 1929 1311 1992 afflictis·
1377 1984 1381 1994 ,

255 2043 317 2105 que
335 2022 398 2104 ipsi
425 2023 578 2114 exarmati
605 2039 698 2104 quam
722 2023 855 2105 integris
881 2026 1021 2089 ineversi
1048 2027 1205 2092 civitatem
1238 2031 1312 2092 dare

253 2125 453 2210 maluerunt),
473 2124 666 2187 consulatum
686 2124 820 2200 inierunt
840 2114 1061 2209 Q.Pompejus
1081 2135 1113 2190 et
1128 2129 1168 2194 Ir.
1188 2130 1312 2193 Corne-

253 2227 314 2289 lins
336 2227 443 2308 Sulla,
462 2225 529 2308 vir,
551 2225 603 2306 qui
623 2243 727 2306 neque
747 2224 900 2289 adfinem
917 2228 1068 2290 victoriae
1089 2230 1167 2290 satis
1186 2231 1314 2314 laudari,
1368 2281 1371 2286 ,

152 2365 155 2372 »
254 2347 359 2410 neque
377 2336 450 2408 post
467 2327 630 2390 victoriam
649 2325 773 2389 abunde
793 2327 962 2407 vituperari
985 2321 1100 2408 potestss
1140 2330 1203 2392 Hic
1221 2315 1314 2391 natus

255 2431 370 2495 familia.
393 2430 503 2512 nobili,
523 2439 635 2492 sextus
660 2448 680 2491 a
703 2428 849 2492 Cornelio
868 2427 1000 2514 Rufino,
1021 2431 1073 2512 qui
1097 2429 1177 2494 bello
1199 2431 1314 2514 Pyrrhi

255 2535 335 2594 iuter
356 2531 578 2594 celeberrimos
603 2531 705 2594 fuerat
728 2531 845 2616 duces,
872 2549 944 2594 cum
971 2531 1106 2595 familiae
1129 2534 1198 2596 eius
1218 2533 1313 2596 olari-

254 2633 328 2696 tudo
347 2633 527 2695 intermisse
546 2641 654 2717 esset,
674 2632 787 2694 diuite
807 2651 845 2694 se
866 2632 985 2716 gessit,
1004 2643 1038 2695 ut
1055 2634 1168 2694 nullam
1189 2631 1316 2714 petendi

256 2735 437 2798 consulatus
473 2733 693 2816 cogitationem
728 2732 843 2794 habere
872 2733 1041 2796 videretur.
1078 2734 1210 2796 'Deinde
1243 2743 1315 2814 post

255 2845 432 2917 praeturam
450 2836 623 2899 illustratus
643 2832 724 2896 bello
743 2832 870 2917 Italico,
900 2843 932 2896 et
957 2842 1029 2896 oute
1048 2835 1080 2896 in
1100 2830 1203 2897 Gallia
1222 2835 1315 2915 lega-

257 2932 342 3000 tione
360 2937 420 3000 sub
435 2937 547 3021 Mario,
565 2955 627 3018 qua
645 2936 910 2998 eminentissimos
922 2935 1024 2998 ¹duces
1037 2935 1172 2999 hostium
1185 2936 1317 3015 inderet,

258 3057 277 3100 e
298 3056 456 3102 successu
486 3039 622 3102 smmum
647 3037 773 3124 sumsit,
799 3045 976 3118 petensque
996 3038 1191 3117 consulatum
1210 3055 1312 3118 paene
1366 3061 1369 3065 ·

258 3139 392 3202 omnium
416 3139 532 3206 civium
560 3138 720 3222 suffragiis
747 3145 840 3220 aptus
868 3147 928 3200 est.
968 3137 1036 3200 Sed
1066 3156 1137 3200 eom
1165 3139 1314 3214 honorem

257 3241 602 3323 undequinquagesimo
621 3242 732 3303 aetatis
754 3256 831 3301 suae
851 3257 932 3300 anno
950 3243 1122 3302 assecutus
1141 3248 1201 3306 est.
1224 3291 1226 3300 .

261 3484 426 3537 domesticae
445 3485 563 3549 qioriac.
590 3510 624 3520 —
635 3484 757 3547 ‚proteu
776 3486 868 3534 codd:
887 3481 967 3546 cuius
981 3482 1031 3533 ille
1049 3483 1154 3548 pictate
1169 3496 1218 3545 pro
1237 3479 1317 3541 eujus
1373 3505 1377 3518 ·

260 3574 305 3624 illi
322 3588 365 3641 p„
385 3585 444 3622 cum
464 3570 545 3635 cidus
561 3574 613 3622 huc
634 3575 771 3635 perorent
787 3585 803 3622 e
819 3565 1021 3636 structioribus,
1045 3571 1091 3620 illi
1116 3574 1206 3619 autem
1229 3569 1316 3616 satim

261 3663 298 3712 sit
322 3659 441 3724 intelligi
460 3673 539 3723 quam
558 3662 699 3723 perscribi.
726 3685 761 3698 -
785 3661 913 3714 reddidit
929 3673 979 3722 pro
997 3657 1111 3710 rettulit
1133 3659 1210 3706 recte
1231 3657 1318 3704 sunsit

261 3751 430 3801 Perizonius.
446 3775 481 3788 -·
497 3749 680 3813 appellarunt
695 3750 788 3799 Bur-er.
809 3761 858 3810 pro
879 3750 1068 3815 concitarent,
1087 3747 1156 3807 quod
1173 3744 1318 3793 ostendunt

261 3835 332 3886 libri.
350 3862 386 3876 -
402 3853 461 3890 rem
479 3839 508 3888 P.
521 3837 554 3886 R.
572 3839 613 3886 sic
633 3839 713 3886 vetus
732 3837 817 3900 liber,
836 3840 907 3886 teste
930 3837 1051 3886 Burerio.
1070 3834 1170 3895 vulgo:
1185 3845 1245 3881 rem
1264 3843 1319 3893 prr-

261 3921 411 3977 diiouml’.
426 3928 459 3977 R.

208 3997 213 4007 ⁵
332 4010 377 4060 ¹7·
412 4017 590 4068 Nolanacor„
607 4028 633 4064 r.
650 4014 741 4063 codri:
763 4012 872 4064 Nolani
886 4012 952 4067 delli
969 4023 1004 4062 m.
1021 4009 1174 4077 reliquiae,
1193 4019 1252 4057 cum
1274 4019 1320 4056 se·

264 4101 379 4160 quantur
397 4106 473 4154 veria
493 4104 599 4156 Italico
611 4103 691 4154 bello.
709 4125 744 4138 -
766 4099 894 4151 interimi.
921 4099 1001 4150 librii
1026 4098 1183 4164 demersis,
1205 4099 1250 4159 qui
1266 4107 1320 4145 non

264 4189 340 4238 recte
356 4196 527 4247 opponuntur
543 4191 668 4259 iuteqris.
686 4192 808 4240 addenda
826 4172 924 4238 lexicis
936 4201 992 4237 vox
1003 4189 1120 4236 formata
1131 4184 1322 4254 αναλογικῶς.

264 4301 298 4312 -
324 4275 486 4328 consulatue
524 4280 621 4341 vulgo:
649 4293 783 4346 c-um,·
803 4273 1040 4345 ὁμοιοτελεύτως.
1065 4299 1099 4312 -
1128 4279 1219 4341 antris.
1237 4276 1322 4326 liber:
