2990 4894
625 397 725 446 nrsr.
753 397 789 444 n.
817 397 860 445 11.
1225 359 1273 450 bb

211 543 389 623 amissaque
415 541 550 619 legionis
571 537 612 599 V.
632 537 749 618 aquila,
782 539 910 600 vocavit
937 539 976 600 ab
996 540 1080 602 Urbe
1100 543 1131 602 in
1152 539 1273 604 Gallias

101 702 106 720 ,
206 645 393 714 ¹Caesarem.
433 639 518 702 Cura
551 638 666 700 deinde
695 647 789 719 atque
818 658 898 702 onus
916 637 1100 704 Gerruanici
1119 643 1190 705 belli
1211 643 1271 706 de-

209 747 315 827 legata
333 744 438 804 Druso
457 739 607 823 claudio,
626 739 711 801 fratri
729 739 888 827 Neronis,
917 741 1112 804 adolescenti
1137 751 1181 804 tot
1200 751 1272 805 tan-

209 855 372 922 tarumque
384 841 547 917 virtutum,
569 847 644 920 quot
662 849 695 902 et
711 850 844 922 quantas
863 852 974 904 natura
994 845 1132 906 mortalis
1152 846 1273 930 recipit,

209 945 262 1006 vel
282 940 434 1002 industria
452 939 592 1021 perlicit3
614 931 888 1022 cujus.ingenium
909 953 1010 1008 utrum
1029 945 1151 1008 bellicis
1170 947 1274 1028 inagis

211 1042 357 1124 operibus
388 1057 427 1102 au
457 1041 601 1104 civilibus
631 1039 795 1105 suffecerit
825 1045 961 1120 artibus,
994 1033 1024 1108 in
1054 1048 1175 1110 incerto
1208 1058 1273 1121 est3

209 1161 330 1206 morum
356 1152 443 1205 certe
472 1142 606 1206 dulcedo
638 1161 678 1218 ac
706 1145 867 1227 suavitas,
902 1156 934 1209 et
964 1149 1122 1210 aduersus
1153 1149 1276 1212 amicos

210 1263 312 1325 aequa
331 1263 370 1308 ac
389 1261 445 1326 par
464 1245 515 1306 sui
533 1244 707 1306 aestimatio
726 1245 914 1309 inimitabilis
933 1245 1035 1308 snis'se
1055 1247 1183 1310 dicitur:
1203 1261 1274 1310 nam
1335 1267 1341 1286 ¹

211 1344 406 1426 pulchritudo
433 1344 573 1425 corporis
601 1345 744 1424 proxima
772 1345 928 1410 fraternae
960 1347 1027 1410 fuit.
1076 1347 1144 1411 Sed
1180 1347 1275 1430 illum,

209 1464 327 1530 magua
344 1463 387 1508 ex
404 1455 493 1527 parte
512 1447 698 1509 domitorem
717 1437 918 1533 Germaniae,
937 1450 1067 1530 plurimo
1084 1449 1155 1532 ejus
1168 1450 1276 1531 gentis

210 1548 309 1609 variis
327 1548 358 1610 in
380 1549 460 1611 locis
478 1547 607 1630 proluso
637 1550 809 1632 sauguine,
842 1535 1161 1638 fatoruminiquitas,
1194 1556 1274 1614 eon·

212 1651 332 1736 sulem,
351 1659 500 1730 agentem
520 1667 635 1712 annum
657 1651 867 1734 tricesimum,
887 1651 997 1728 rapuit.
1036 1651 1142 1714 Moles
1159 1651 1275 1714 deinde

150 1755 153 1762 '
212 1749 283 1833 ejus
300 1752 372 1813 belli
390 1752 540 1814 translata
558 1751 593 1812 iu
609 1751 772 1812 Neronem
792 1757 858 1831 est3
879 1749 963 1830 quod
981 1749 1010 1810 is
1030 1765 1089 1812 aua
1109 1760 1141 1812 et
1160 1751 1276 1814 virtute
1304 1759 1309 1772 “

211 1862 245 1914 et
262 1852 385 1915 lartum
403 1851 641 1932 administravit,
660 1858 917 1932 pervagatusque
930 1851 1032 1913 uictor
1045 1867 1156 1913 omnes
1168 1860 1276 1932 partes

211 1950 413 2038 Germaniae,
432 1953 503 2017 siue
522 1954 584 2017 ullo
604 1952 789 2015 detrimento
809 1951 972 2014 commissi
992 1953 1154 2015 exercitus
1175 1951 1277 2033 (quod
1307 2015 1309 2020 ,

210 2055 380 2136 praecipue
393 2056 466 2119 huie
480 2055 553 2118 duci
572 2071 700 2135 semper
719 2071 815 2118 curae
833 2041 918 2136 luit),
938 2053 987 2115 sic
998 2042 1174 2134 perdommt
1195 2071 1277 2132 eam,
1364 2043 1368 2052 ’

174 2167 178 2177 “
211 2163 246 2217 ut
273 2156 305 2217 in
337 2156 467 2218 lumnam
498 2175 599 2238 paena
636 2154 857 2236 stipendiariae
891 2155 1052 2236 redigeret
1083 2156 1277 2233 provinciam

211 2248 291 2317 'l'urn
311 2255 389 2318 alter
408 2257 580 2338 triumphus
599 2275 671 2320 cum
690 2257 788 2320 altero
808 2256 972 2318 consulatu
992 2255 1022 2315 ei
1041 2255 1163 2316 oblatus
1182 2264 1242 2316 est.

161 2425 164 2432 ,
216 2373 219 2380 ’
276 2357 370 2419 =Ilum
389 2375 445 2440 ea,
463 2375 547 2440 quae
565 2357 790 2438 praediximus,
809 2357 840 2417 in
860 2355 1021 2416 Pannonia
1041 2352 1328 2437 Germaniaque98

212 2465 378 2542 geruntur,
408 2468 497 2519 atrox
522 2458 553 2518 iu
580 2457 716 2518 Thracia
744 2455 857 2516 bellum
885 2463 1005 2537 ortum,
1035 2455 1178 2516 omuibus
1205 2455 1298 2536 ejus¹

212 2557 319 2638 gentis
337 2557 513 2620 nedonibus
525 2557 556 2618 in
569 2554 829 2636 arma'acccnsia,
846 2555 886 2618 [a.
897 2554 1036 2637 Pisonis,
1057 2573 1151 2635 quem
1164 2554 1277 2620 bedie-

214 2675 277 2738 que
304 2651 577 2739 diligentissimum
604 2665 698 2732 atque
727 2655 862 2718 eundern
882 2655 1077 2718 lenissimum
1098 2657 1278 2722 securitatis

211 2757 349 2820 urbanae
380 2757 544 2821 custodem
574 2759 745 2840 habemus,
773 2759 875 2820 virtus
907 2758 1105 2838 compressit.
1153 2756 1277 2840 Quippe

211 2859 337 2939 legatus
356 2859 508 2922 Caesaris
525 2861 659 2923 triennio
676 2879 748 2923 cum
765 2859 815 2922 his
833 2859 971 2943 bellavit,
991 2868 1169 2940 gentesque
1187 2859 1277 2922 fero-

212 2957 375 3043 cissimas,
409 2962 539 3040 plurimo
563 2968 634 3024 cum
662 2980 769 3024 earum
795 2961 937 3045 excidio,
969 2978 1054 3022 nunc
1072 2961 1161 3044 acie,
1194 2981 1278 3024 nunc

214 3059 512 3144 expugnationibus,
532 3063 562 3122 in
575 3063 738 3141 pristinum
752 3062 873 3142 [pacis]
894 3060 1018 3140 redegit
1036 3060 1172 3146 modum,
1184 3061 1277 3141 ejus-

213 3178 276 3239 que
295 3161 468 3240 patratione
489 3162 588 3223 Asiae
604 3163 821 3247 securitatem,
841 3160 1051 3223 Macedoniae
1072 3181 1184 3242 pacem
1200 3163 1277 3224 red·

143 3253 152 3268 ’
212 3260 298 3322 didit.
336 3237 387 3322 ile
408 3280 473 3343 quo,
489 3263 558 3324 viro
577 3263 639 3324 hoc
659 3262 801 3324 omnibus
821 3261 1018 3323 sentiendum
1037 3281 1075 3325 ao
1088 3263 1277 3343 praedican-

213 3361 286 3422 dum
306 3373 372 3448 est,
399 3380 476 3424 esse
501 3379 608 3425 mores
625 3365 698 3445 ejus
717 3363 831 3444 vigore
850 3380 890 3424 ac
914 3364 1039 3427 lenitate
1061 3365 1277 3443 ruixtissimos,

213 3471 246 3524 et
270 3465 327 3524 vix
356 3479 534 3545 quanquam
559 3466 689 3546 reperiri
715 3481 828 3548 posse,
862 3465 914 3544 qui
940 3475 992 3528 aut
1021 3467 1115 3528 otium
1142 3463 1276 3525 validius

212 3690 295 3752 tusis,
324 3693 354 3738 ut
371 3699 396 3740 e.
416 3688 460 3738 te.
487 3694 516 3741 et
541 3691 586 3740 72.
617 3692 734 3754 figurate
762 3695 829 3744 dixit
847 3695 991 3761 Agrippae
1015 3707 1065 3755 pro
1083 3695 1118 3743 ab
1138 3691 1275 3757 Agrippa,
1321 3707 1323 3712 ·

212 3779 283 3838 quod
303 3780 505 3850 commendavit,
521 3764 644 3845 binetus,
662 3775 714 3830 dec
732 3786 821 3832 tannen
838 3785 991 3846 improbato
1010 3783 1112 3832 dativo.
1351 3775 1358 3794 ⁰

279 3865 324 3914 97.
358 3865 471 3931 perficit
482 3869 556 3930 Lips.
572 3867 650 3919 librl=
667 3871 798 3936 percipit,
817 3873 977 3932 permutatis
988 3870 1089 3919 litteris
1107 3867 1274 3929 syllabarum

209 3953 374 4019 initialibus,
394 3959 423 4005 et
439 3955 455 4004 f
469 3957 496 4005 lu
514 3957 563 4019 pb,
583 3969 646 4006 mox
663 3969 698 4022 p,
727 3963 846 4024 mutato,
875 3961 948 4008 elcut
964 3957 1034 4005 alias
1052 3955 1113 4017 plus
1130 3957 1221 4006 semel.
1240 3981 1275 3992 -

210 4045 443 4109 immotosque.
461 4043 615 4094 Rubnkenli
629 4049 790 4097 emendatio.
808 4046 872 4095 libri
882 4046 1026 4094 mendose:
1042 4048 1274 4112 peragratusque:

282 4131 338 4179 98.¹
361 4130 479 4196 [poma]
496 4132 647 4196 glossema,
676 4147 710 4184 eo
728 4136 816 4184 minus
834 4131 991 4193 tolerabile,
1017 4133 1086 4193 quod
1104 4135 1275 4195 subsequitur

215 4225 268 4262 Vox
285 4231 390 4282 pacem.
409 4221 495 4268 sensit
513 4221 647 4270 llerellus.
675 4246 710 4254 -
734 4219 854 4283 ejusque.
881 4217 961 4280 paulo
986 4220 1145 4270 insolentius
1166 4224 1273 4284 dictum,

217 4307 245 4350 ut
265 4315 376 4369 verear,
396 4303 532 4367 Vellejuur
551 4310 657 4358 dedisse
677 4307 789 4371 rjusqrre
807 4308 857 4358 rei.
1237 4305 1244 4318 ”
