2990 4894
574 418 675 469 urso.
703 419 739 466 u.
768 419 811 468 11.
1096 475 1099 484 1
1174 393 1224 472 97
1247 455 1251 462 .

166 564 329 628 steriomm
347 562 562 644 principalium
587 560 747 640 proiectus
763 552 797 622 in¹
818 562 947 645 Asiam,
969 572 1001 627 ut
1023 557 1104 625 fama
1123 565 1227 647 loquid

165 675 233 750 tur,
254 663 293 724 ob
313 663 424 725 tacitas
444 677 515 721 cum
536 657 689 722 Marcello
705 660 896 724 offensiones
914 650 1072 743 praesenti
1094 682 1131 724 se
1148 658 1235 727 sub-i

166 767 297 828 duxerat
319 761 467 843 tempori,
510 777 665 821 reversus
680 761 772 848 inde,
804 762 897 824 liliam
926 763 1078 826 Caesaris
1104 765 1230 852 duliam,

165 885 258 952 quam
286 869 316 924 in
344 861 537 922 matrimonio
565 861 738 924 Marcellus
770 863 936 946 habuerat,
972 865 1059 927 duxit
1088 879 1228 950 uxorem,

166 969 314 1030 feminam
336 979 439 1042 neque
457 961 532 1048 sibi,
551 981 654 1044 neque
671 964 877 1045 reipublicae
898 963 1003 1032 felicis
1018 960 1115 1030 uteri.

244 1066 316 1126 Hoc
337 1070 438 1124 tractu
460 1071 631 1144 temporum
654 1063 722 1124 rio.
742 1063 893 1130 Claudius
914 1069 1022 1147 Nero,
1045 1086 1106 1149 quo
1129 1068 1280 1154 trimo,94

166 1177 200 1230 ut
221 1163 450 1246 praediximus,
475 1165 568 1225 Livia
589 1163 700 1244 [Drusi
722 1164 885 1227 Claudiani
906 1168 985 1253 iilia,
1014 1167 1229 1248 despondente

167 1267 314 1351 Nerone,
340 1268 389 1330 cui
409 1274 481 1328 ante
503 1275 597 1346 nupta
626 1266 758 1347 iuerat,]
789 1263 922 1330 Caesari
942 1276 1107 1348 nupserat,
1135 1269 1229 1330 innu-

167 1368 257 1430 tritus
273 1368 455 1430 coelestium
477 1375 715 1449 praeceptorum
735 1359 927 1447 disciplinis,
944 1367 1074 1447 juvenis
1099 1385 1229 1450 genere,

67 1512 70 1516 -
154 1469 267 1556 'forma
284 1485 329 1532 ao
344 1469 530 1530 celsitudine
549 1469 706 1551 corporis,
726 1468 850 1548 optimis
872 1467 1002 1554 studiis,
1031 1470 1231 1551 maximoque

168 1572 295 1650 ingenio
315 1571 593 1656 instructissimus,
615 1571 665 1652 qui
684 1571 840 1652 protinus,
871 1579 1004 1650 quantus
1025 1563 1130 1654 esset,
1150 1589 1230 1652 spe*

169 1673 229 1734 rari
266 1673 417 1757 potuerit,
457 1673 592 1754 visuque
630 1672 810 1752 praetulerit
846 1667 1035 1756 principem,
1072 1682 1230 1753 quaestor,

169 1773 439 1836 undevicesimum
467 1790 580 1835 annum
611 1789 728 1861 agens,
757 1787 930 1851 capessere
958 1771 1062 1851 coepit
1080 1790 1147 1832 rem
1168 1790 1230 1851 pu-

169 1875 296 1953 blioam3
316 1867 545 1956 maximamque
565 1871 777 1934 difficultatem
796 1889 939 1936 annonae
958 1869 1013 1951 [ao
1027 1873 1072 1933 rei
1091 1871 1231 1933 frumen-

170 1976 268 2037 tariae
287 1975 436 2056 inopiam]
457 1976 498 2038 ita
519 1973 630 2035 Ostiae
649 1967 746 2056 atque
768 1973 799 2036 in
827 1974 920 2059 urbe,
949 1973 1096 2036 mandato
1118 1972 1232 2056 vitrici,

169 2077 349 2138 moderatus
371 2086 437 2156 est,
454 2084 489 2139 ut
507 2093 564 2158 per
583 2075 629 2154 id,
648 2075 730 2158 quod
751 2075 883 2156 agebat,
917 2085 1051 2156 quantus
1075 2090 1231 2136 evasurus

172 2186 277 2262 esset,
298 2177 447 2239 eluceret.
475 2177 549 2247 Nee
568 2178 663 2239 multo
680 2186 752 2257 post
766 2178 885 2239 missus
901 2176 940 2238 ab
954 2176 1065 2238 eodem
1089 2174 1232 2254 [vitrico]

153 2275 244 2342 'oum
265 2278 408 2340 exercitu
426 2277 466 2339 ad
486 2277 637 2340 uisendas
651 2275 914 2358 ordinandasque,
935 2293 1016 2355 quae
1030 2273 1088 2334 sub
1103 2272 1233 2334 Oriente
1311 2267 1313 2278 ¹

171 2387 259 2461 sunt,
278 2379 472 2462 provincias,
491 2378 670 2460 praecipuis
691 2379 825 2439 omnium
845 2376 992 2435 virtutum
1009 2373 1233 2453 experimentis

171 2481 203 2540 in
229 2499 268 2542 eo
286 2489 387 2542 tractu
407 2481 515 2561 editis,
548 2498 620 2540 cum
648 2475 824 2556 legionibus
853 2474 1021 2554 ingressus
1041 2471 1233 2552 Armeniam,
1326 2474 1330 2478 ’

172 2577 301 2641 redacta
327 2596 366 2638 aa
392 2583 423 2638 iu
449 2585 635 2656 potestatem
660 2577 697 2638 P.
717 2575 773 2659 R,
801 2591 933 2656 regnum
965 2573 1036 2655 ojus·
1062 2573 1233 2636 Artauasdi

172 2677 266 2741 dedit
305 2677 439 2740 Vicinus
458 2693 516 2737 rex
537 2695 660 2760 quoque
680 2678 879 2761 Parthorum,
906 2677 981 2738 tanti
999 2677 1133 2738 nominis
1151 2673 1234 2736 lama

173 2780 314 2864 territus,
335 2779 451 2841 liberos
471 2797 549 2840 suos
569 2778 609 2840 ad
630 2778 803 2841 Caesarem
822 2777 906 2839 misit
926 2775 1062 2838 obsides.
1161 2777 1164 2787 “

248 2876 428 2942 Reuersnm
447 2880 520 2942 inde
540 2881 700 2944 Neronem
722 2880 844 2943 Caesar
870 2877 953 2939 haud
974 2877 1142 2938 mediocris
1162 2873 1231 2936 belli
1242 2877 1286 2940 95

172 2981 284 3042 molem
307 2982 442 3074 experiri
462 2982 583 3064 statuit,
613 2981 753 3063 adjutore
780 2980 884 3061 operis
911 2979 985 3039 dato
1013 2975 1107 3038 fratre
1134 2977 1234 3056 ipsius
1341 3029 1343 3034 .

245 3180 290 3230 94.
325 3181 408 3233 trimo
425 3183 511 3232 Aldus
525 3192 613 3246 nepos
629 3185 800 3233 scribendum
825 3195 886 3232 esse
912 3183 988 3230 vidit.
1007 3181 1103 3230 codd:-
1130 3180 1234 3244 primo,

174 3272 333 3332 permutatis
352 3273 442 3320 verbis
459 3271 600 3322 similibus.
630 3298 664 3306 -
695 3269 955 3334 [Drusi-fueret]
978 3272 1086 3331 spuria,
1111 3269 1236 3318 sublecta

176 3369 199 3406 c.
218 3357 263 3406 ⁹79.
283 3371 308 3405 v.
326 3360 358 3406 R.
385 3383 419 3397 —
445 3357 541 3422 forma
560 3375 595 3411 ac
612 3360 701 3412 celsio.
721 3337 940 3422 corporisfnon
960 3359 1073 3407 habetur
1092 3358 1190 3419 copulo
1207 3357 1236 3401 in

174 3445 270 3509 libris,
288 3448 384 3496 hausta
400 3447 509 3498 scilicet
528 3462 545 3496 a
563 3449 662 3498 vicinis
679 3450 804 3509 utrinque
827 3447 936 3496 litteris.
962 3469 996 3482 -
1026 3447 1137 3495 soloece
1157 3443 1236 3490 iibri:

176 3536 296 3599 quantus
314 3539 373 3602 est,
391 3544 443 3584 nec
461 3538 545 3586 bene:
574 3539 723 3601 potuerat,
747 3548 807 3584 cum
825 3536 984 3598 praesertim
1001 3538 1131 3595 sequatur
1146 3541 1235 3592 proe-

177 3621 293 3687 tulerit,
318 3625 389 3684 quod
409 3623 450 3672 illi
468 3624 650 3674 assimilantes
668 3626 722 3672 viri
740 3623 813 3685 docti
831 3636 960 3684 perverso
980 3619 1095 3671 consilio
1112 3619 1234 3676 scripse-

175 3712 239 3759 runt
253 3712 440 3774 praetulerat.
459 3712 593 3761 —iidem
612 3717 702 3762 recto:
720 3711 833 3776 visuque
850 3725 899 3773 pro
917 3711 1052 3774 visus-pue.
1079 3730 1113 3740 —
1139 3703 1236 3766 [ac-

175 3795 316 3862 inopiam]
339 3795 479 3862 [vitrico]
504 3791 678 3862 glossemata.
705 3825 740 3836 -
767 3801 875 3861 Lipsius
904 3801 938 3847 ad
967 3795 1046 3845 iidem
1063 3794 1234 3863 historicam:

176 3895 292 3952 reputem
309 3882 385 3954 ejus,
406 3887 561 3939 Artavasdr'
580 3891 717 3954 emptum,
743 3887 860 3954 Tipram'
882 3887 966 3936 dedit.
996 3883 1094 3932 omissa
1111 3881 1238 3928 videnter·

177 3975 261 4024 verba
286 3977 410 4038 mptum
440 3977 514 4042 Tipr.
541 3989 590 4038 per
613 3979 765 4027 socordiam
792 3976 905 4026 librarii.
933 3995 969 4007 -
990 3969 1112 4019 Vicinus,
1145 3969 1237 4016 codd:

178 4059 477 4130 ordeaacorrectione,
486 4067 589 4130 opinor,
600 4061 668 4131 ojus,
677 4069 722 4128 qui
731 4063 879 4126 reperisset
889 4061 978 4120 capite
988 4060 1139 4106 truncatum
1149 4057 1237 4122 ciras,
1294 4055 1297 4068 '

180 4157 239 4194 oum
254 4150 433 4212 trisyllabon
451 4153 610 4204 abstulisset
626 4154 649 4207 it
666 4153 777 4215 similis,
804 4160 872 4210 quae
892 4145 1039 4208 praecedit.
1067 4145 1135 4206 qnod
1153 4147 1240 4194 suasit

182 4233 220 4296 ii,
239 4224 303 4298 omn
320 4241 381 4302 vix,
399 4243 427 4289 et
445 4253 479 4289 ne
498 4243 545 4289 vix
564 4243 686 4303 quidem,
709 4243 801 4300 aptum
819 4239 861 4286 est
879 4235 941 4282 huic
959 4233 1029 4282 loco.
1065 4233 1159 4294 lipsio
1178 4232 1238 4295 pia-

182 4325 276 4370 enerat
295 4339 355 4374 crem
371 4340 442 4388 ren,
461 4329 529 4388 quod
551 4341 585 4378 oe
606 4331 691 4389 ipsum
711 4326 818 4386 quoidam
837 4321 986 4373 verisimile
1005 4323 1119 4372 videtur.

225 4405 285 4444 vnn.
