2998 4896
604 377 705 426 tusc.
732 375 768 423 n.
796 376 839 423 11.
919 435 926 445 ‚
1204 346 1283 420 43.

185 525 236 588 tiis
253 537 370 604 magno
389 537 508 604 ausus,
526 517 762 598 magnificeque
781 524 894 580 conata
914 525 1086 601 executus,
1115 518 1156 582 ad
1174 519 1250 582 vin-

190 623 354 690 dicandum
377 619 665 697 restituendamque
693 615 872 698 dignitatem
902 619 1036 699 patriae,
1060 620 1188 682 firmum
1208 637 1251 684 ex

116 804 118 808 ι
189 747 267 811 agro
297 726 435 801 Piceno,
466 719 519 800 qui
545 726 629 782 totus
664 718 803 801 paternis
832 717 903 799 ejus
932 719 1086 782 clientelis
1116 720 1252 786 retertur

190 837 274 911 erat,
294 820 450 888 contraxit
469 818 650 880 exercitum.
689 816 790 899 Cujus
808 819 868 882 viri
884 820 1066 902 magnitudo
1088 822 1252 884 multorum

191 927 384 990 voluminum
405 920 504 984 instar
524 918 638 998 exigit,
664 920 725 981 sed
753 922 858 1001 operis
882 922 996 988 modus
1021 923 1133 1003 paucis
1156 940 1252 984 enar-

190 1029 251 1090 rari
266 1023 366 1104 jubet.
404 1021 478 1084 Fuit
496 1020 547 1082 hic
566 1019 693 1102 genitus
713 1029 812 1082 matre
831 1023 973 1110 Lucilia,
993 1025 1100 1104 stirpis
1120 1032 1252 1088 senato-

190 1129 271 1206 riae,
291 1123 390 1185 forms
410 1122 591 1198 excellens,
610 1140 672 1183 non
688 1137 745 1198 ea,
765 1139 827 1202 qua
842 1123 902 1216 flqs
912 1126 1146 1189 commendatur
1161 1135 1252 1190 aeta-

191 1225 251 1309 tis,
282 1222 342 1284 sed
361 1239 403 1284 ex
428 1221 578 1304 dignitate
601 1223 771 1306 constanti,
803 1241 884 1304 quae
904 1225 1037 1287 inillam
1058 1229 1254 1290 conveniens

192 1323 425 1408 amplitudinem
442 1323 660 1404 fortunamque
686 1341 758 1386 eum
781 1323 821 1386 ad
841 1323 980 1388 ultimum
1001 1326 1087 1388 vitae
1109 1329 1255 1390 comitata

194 1435 246 1488 est
269 1425 371 1505 diem,
391 1425 569 1488 innocentia
593 1424 747 1508 eximius,
767 1419 933 1488 sanctitate
957 1427 1164 1510 praecipuus,
1185 1429 1256 1490 elo-

192 1525 317 1607 quentia
344 1524 488 1605 medius3
517 1524 693 1610 potentiae,
723 1543 804 1606 quae
827 1525 955 1588 honoris
985 1531 1089 1608 cansa
1114 1527 1154 1590 ad
1182 1546 1255 1592 enm

189 1626 381 1707 deferretur,
413 1645 477 1688 non
496 1633 529 1687 ut
548 1626 587 1687 ab
608 1644 648 1688 eo
669 1635 892 1709 aucuparetur,
919 1627 1159 1709 cupidissimus,
1191 1629 1255 1692 dux

190 1727 271 1790 bello
300 1727 527 1809 peritissimus3
558 1727 642 1814 civis
667 1727 699 1788 in
727 1735 803 1808 toga
828 1727 906 1805 (nisi
929 1726 982 1788 ubi
1004 1738 1183 1807 vereretur,
1215 1749 1255 1791 ne

191 1847 285 1909 quem
313 1828 443 1890 haberet
474 1828 600 1908 parem)
620 1827 890 1907 modestissimus3
918 1825 1121 1889 amicitiarum
1149 1837 1255 1908 tenax,

189 1927 372 1990 inoffensis
404 1928 593 2008 exorabilis,
623 1928 655 1988 io
685 1927 886 1990 reconciliata
914 1927 1016 2008 gratia
1034 1927 1255 2008 fidelissimus,

187 2029 219 2090 in
232 2027 417 2107 accipienda
430 2027 646 2090 satisfactione
661 2027 843 2107 facillimum
863 2028 1001 2108 potentia
1018 2045 1080 2091 sua
1098 2047 1255 2112 nunqnam

189 2139 242 2192 ant
270 2147 340 2191 raro
368 2129 409 2191 ad
444 2129 656 2208 impotentiam
685 2147 780 2208 nsus;
812 2147 915 2208 paene
946 2130 1081 2192 omnium
1109 2131 1255 2192 vitiorum

190 2247 327 2312 expers,
355 2230 418 2292 nini
440 2239 654 2293 numeraretur
672 2231 753 2292 iuter
771 2230 926 2310 maxima,
959 2229 991 2290 in
1011 2229 1139 2290 civitate
1158 2230 1256 2292 libero

189 2331 376 2412 dominaque
397 2332 537 2412 gentium
557 2315 730 2412 indignari,
764 2347 836 2390 cnm
859 2345 970 2388 omnes
989 2328 1081 2389 cives
1099 2326 1171 2406 jure
1193 2328 1254 2389 ha-

188 2432 278 2493 beret
310 2450 425 2516 pares,
464 2449 644 2512 quenquam
674 2429 839 2509 aequalem
873 2427 1024 2506 dignitate
1057 2428 1257 2506 conspicere.

188 2531 254 2590 Hic
273 2548 292 2591 a
311 2539 388 2611 toga
407 2531 489 2590 virili
510 2531 661 2592 adsuetus
688 2526 866 2590 commilitio
890 2525 1124 2606 prudentissimi
1154 2527 1256 2614 ducis,

189 2631 330 2710 parentis
361 2631 428 2713 sui,
457 2631 572 2692 bonum
606 2639 638 2692 et
671 2643 774 2708 capax
803 2636 890 2690 recta
919 2626 1071 2690 diseeodi·
1095 2627 1256 2706 ingenium

189 2733 341 2811 singulari
361 2751 465 2794 rerum
484 2731 659 2793 militarium
678 2729 843 2812 prudentia
861 2729 1059 2808 excoluerat,
1093 2728 1152 2814 ita,
1185 2735 1257 2792 uta

189 2833 330 2897 Sertorio
359 2833 510 2895 Metellus
540 2831 717 2896 landaretur
745 2829 866 2912 magis,
893 2829 1065 2909 Pcmpejus
1094 2829 1256 2892 timeretur

189 2932 337 2994 validius

265 3033 345 3093 'l'um
378 3033 424 3092 Μ.
450 3033 612 3112 Perperna
636 3032 830 3113 praetorius,
865 3049 884 3091 e
914 3029 1115 3110 proscriptis,
1146 3030 1253 3111 gentis
1263 3031 1306 3096 30

189 3131 331 3202 clarioris
354 3149 447 3211 quam
460 3131 565 3213 animi,
585 3131 760 3192 Sertorium
772 3130 854 3191 inter
874 3148 1007 3192 coenam
1027 3130 1135 3194 Oscae
1152 3130 1253 3194 inter-

190 3232 282 3312 emit,
312 3230 528 3313 Romanisque
552 3240 670 3294 certon
693 3230 876 3312 victoriam,
906 3229 1045 3309 partibus
1068 3231 1137 3291 suis
1160 3231 1253 3292 exci-

189 3331 284 3412 dium,
295 3331 354 3391 sibi
368 3332 581 3411 turpissimam
591 3339 735 3413 mortem,
751 3331 892 3408 pessimo
910 3330 1085 3392 auctoravit
1105 3331 1253 3392 facinore.

190 3429 340 3494 Meteilus
354 3438 385 3490 et
394 3429 564 3509 Pcmpejus
577 3429 787 3508 exHispaniis
798 3429 1252 3512 triumphaverunt3sed1‘om-

188 3528 281 3610 pejus
304 3529 367 3592 hoc
391 3548 516 3614 quoque
541 3529 711 3611 triumpho,
731 3529 834 3593 odhuc
857 3548 957 3614 eques
977 3530 1157 3610 Romanus,
1180 3534 1252 3588 ante

191 3628 274 3690 diem
297 3647 391 3710 quam
419 3631 615 3696 consulatum
638 3630 747 3714 iniret,
773 3649 868 3694 curru
889 3631 997 3695 urbem
1023 3633 1170 3692 invectus
1192 3634 1252 3690 est.

188 3835 238 3884 sed
259 3831 293 3882 οῦ
310 3836 400 3882 ortum
419 3845 454 3882 ex
472 3845 506 3883 err
518 3859 533 3872 ·
553 3834 670 3894 syllaba.
693 3858 729 3874 -
750 3837 807 3887 acd'
818 3850 855 3886 ec
876 3836 1013 3902 dipnitcte
1031 3830 1182 3886 coamenti.
1209 3831 1252 3881 tto

190 3917 366 3971 cmuboous
392 3923 427 3970 ad
453 3923 529 3972 suet.
555 3918 649 3973 claun.
680 3922 740 3989 80,
767 3926 791 3973 h.
811 3937 834 3974 e.
860 3926 963 3987 forme,
989 3933 1057 3984 quae
1084 3921 1194 3969 constat
1217 3931 1252 3970 ex

191 4010 338 4071 dignitate,
358 4021 413 4071 qua
432 4009 564 4060 excellant
583 4009 630 4060 cu.
648 4007 801 4076 Pcmpejus.
819 4014 948 4062 mendose
964 4010 1056 4058 codd:
1074 4007 1251 4060 constantio-

190 4105 240 4160 que
257 4096 286 4146 r'a
304 4096 402 4158 tuom,
427 4109 480 4147 nec
506 4101 575 4148 bene
594 4100 619 4147 R
634 4100 750 4161 otiique:
781 4101 831 4148 sed
857 4111 892 4146 eo
917 4096 992 4160 dipn.
1020 4097 1048 4146 et
1074 4095 1251 4156 constantia,

190 4192 260 4244 quoe
277 4185 330 4234 etc.
348 4207 383 4222 -
399 4187 587 4240 reconciliato
604 4187 688 4250 Lips,
707 4187 839 4250 probante
857 4183 890 4233 R.
902 4182 975 4245 libri,
994 4183 1246 4247 mendatrequentt:

189 4265 408 4324 reconciliando.
