2998 4896
573 316 881 416 *ursanus
977 317 1035 330 Η
1152 339 1256 415 ,35

193 510 327 579 imbutae
346 525 459 570 manus
478 516 559 570 sunt.
600 503 725 584 Quippe
735 500 776 580 Q.
788 499 975 588 Pompejus,
995 500 1119 589 collega
1136 507 1255 592 Sullae,

190 615 228 676 ab
252 609 395 674 exercitu
417 607 476 670 Cn.
494 603 637 684 Pompeji
659 605 874 688 proconsulis,
894 606 1059 690 seditione,
1080 607 1140 668 scd
1165 626 1258 690 quam

191 715 255 776 dux
276 710 492 785 excitaverat,
513 703 697 765 interfectus
717 714 775 766 est.
815 706 890 766 Non
916 716 983 769 erat
1008 708 1127 793 Mario,
1148 705 1258 789 Sulpie

192 815 264 890 cio,
296 811 399 872 Cinna
424 805 633 885 temperatior.
681 806 810 889 ltaque,
845 823 917 870 cum
944 809 986 870 ita
1013 808 1126 871 civitas
1151 811 1258 872 Italiae

193 915 266 978 data
286 917 394 990 esset,
427 906 513 968 utin
543 913 613 968 octo
633 905 731 966 tribus
757 906 1025 968 contribuerantur
1052 909 1128 969 novi
1156 909 1259 993 cives,

193 1035 235 1076 ne
255 1009 393 1092 potentia
412 1027 520 1069 eorum
540 1015 572 1068 et
590 1005 752 1068 multitudo
771 1014 915 1068 veterum
939 1008 1055 1070 civium
1077 1008 1260 1091 dignitatem

88 1187 91 1196 ,
194 1115 373 1192 frangeret,
411 1110 545 1188 plusque
579 1115 712 1187 possent
738 1108 859 1186 recepti
886 1108 917 1168 in
950 1109 1138 1171 beneficium
1167 1122 1261 1190 quam

195 1220 345 1274 auctores
368 1208 529 1288 beneficii,
562 1206 663 1270 Cinna
681 1206 823 1268 omnibus
843 1207 982 1270 tribubus
1009 1227 1067 1286 eos
1087 1228 1124 1271 ιι
1152 1210 1260 1272 distri-

198 1313 344 1374 buturum
363 1311 518 1390 pollicitus
532 1316 592 1370 est.
632 1305 703 1382 Quo
727 1309 851 1369 nomine
866 1309 1027 1390 ingentem
1043 1311 1137 1372 totius
1153 1312 1261 1372 ltaliae
1363 1373 1367 1383 ,

196 1411 405 1494 frequentiam
433 1411 465 1471 in
494 1409 602 1471 urbem
632 1407 809 1488 acciverat,
843 1428 863 1467 e
893 1425 953 1489 qna
980 1410 1090 1488 pulsus
1117 1410 1261 1490 collegae

197 1512 450 1592 optimatiumque
480 1509 599 1570 viribus
622 1504 699 1569 'cum
731 1509 763 1570 in
793 1507 997 1588 Campaniam
1022 1509 1186 1594 tenderet,
1219 1525 1263 1572 ex
1320 1519 1325 1526 '

197 1613 382 1675 auctoritate
397 1617 528 1694 senatus
551 1609 734 1670 consulatus
754 1609 785 1669 ei
804 1608 975 1688 abrogatus
996 1618 1065 1689 est,
1087 1609 1262 1672 suffectus·

195 1732 257 1794 que
291 1713 324 1773 in
358 1711 428 1791 ejus
451 1711 554 1771 locum
584 1710 623 1770 L.
652 1707 819 1770 Cornelius
846 1709 987 1790 Merula,
1016 1709 1130 1771 flamen
1151 1711 1262 1772 Dialis.

195 1814 288 1874 Haec
312 1793 423 1891 injuria
452 1809 577 1873 homine
611 1825 704 1889 quam
738 1810 884 1888 exemplo
913 1809 1036 1888 dignior
1064 1809 1131 1871 suit.
1156 1794 1264 1870 Ἰ1ἰιιιι

197 1913 309 1993 Cinna,
330 1911 484 1990 corruptis
502 1910 602 1989 primo
617 1909 851 1970 centurionibus
866 1927 905 1971 ac
920 1910 1061 1996 tribunis,
1081 1927 1156 1971 mox
1170 1911 1264 1972 etiam

199 2031 259 2093 spe
278 2013 452 2091 largitionis
471 2010 637 2091 militibus,
666 2010 704 2074 ab
726 2029 764 2072 eo
786 2011 943 2095 exercitu,
970 2012 1024 2092 qui
1044 2011 1130 2073 circa
1147 2012 1264 2072 Nolam

199 2123 284 2195 erat,
313 2123 461 2194 receptus
490 2120 550 2174 est.
589 2113 622 2174 ls
645 2129 718 2174 cum
739 2111 910 2174 universus
931 2113 964 2173 in
985 2111 1085 2172 verba
1114 2111 1183 2191 ejus
1207 2110 1264 2192 ju·
1325 2154 1332 2167 ι

200 2223 321 2296 resset,
342 2215 482 2276 retinens
502 2213 640 2292 insignia
659 2212 857 2294 consulatur,
876 2212 995 2292 patriae
1018 2210 1130 2271 bellum
1154 2212 1265 2291 intulit,

199 2315 300 2376 fretus
320 2315 441 2394 ingenti
463 2333 593 2375 numero
620 2332 773 2375 novorum
791 2313 923 2391 civium3
945 2331 963 2372 e
985 2329 1115 2391 quorum
1140 2311 1266 2373 delectu

198 2414 286 2478 000
307 2416 441 2495 emplius
461 2415 609 2477 cohortes
629 2413 880 2494 conscripserat,
900 2428 939 2472 ac
961 2410 1087 2492 triginta
1105 2411 1267 2492 legionrnn

200 2514 300 2573 instar
324 2515 520 2591 impleverat.
568 2513 658 2592 Opus
678 2520 744 2572 erat
771 2509 911 2590 partibus
941 2512 1145 2588 auctoritate;
1174 2510 1267 2590 cujus

200 2611 368 2692 angendae
390 2611 430 2672 0.
441 2611 578 2672 Marium
599 2628 670 2672 cnm
690 2609 752 2670 filio
774 2611 813 2670 de
830 2611 927 2672 exilio
945 2611 1129 2694 revocavit,
1150 2612 1266 2694 quique

201 2731 273 2775 oum
292 2712 332 2772 iis
354 2712 436 2791 pulsi
456 2720 556 2773 erant.

276 2812 359 2873 Dum
380 2811 492 2872 bellum
512 2818 616 2888 autem
636 2811 729 2873 infert
747 2813 866 2892 patriae
883 2812 1000 2897 Cinna,
1021 2812 1080 2874 Cn.
1091 2810 1266 2893 Pompejus
1276 2824 1316 2888 21

169 2927 170 2930 ’
201 2913 313 2992 Magni
336 2912 556 2992 pater‘(cujus
581 2912 745 2993 praeclara
767 2916 862 2994 opera
888 2913 969 2975 bello
987 2913 1146 2995 Marsico,
1170 2933 1268 2993 prae·

201 3013 294 3091 cipue
313 3013 400 3074 circa
421 3013 574 3074 Picenum
594 3003 722 3090 agrum,
753 3023 787 3074 ut
804 3011 1091 3094 praescripsimus,
1117 3030 1176 3073 usa
1201 3022 1269 3076 erat

202 3130 256 3172 res
282 3112 424 3196 publica,
445 3113 560 3192 quique
584 3112 738 3174 Asculum
760 3119 903 3191 ceperat3
924 3111 1011 3173 circa
1034 3129 1126 3192 quam
1148 3112 1268 3194 urbem,

203 3370 373 3433 posuissem,
393 3382 453 3417 eum
471 3372 622 3420 creaverat
640 3371 747 3430 quidem
765 3371 943 3432 abhorreret,
959 3360 1021 3418 'nec
1040 3371 1107 3420 satis
1126 3361 1270 3433 probabile'

131 3465 134 3470 ·
202 3457 344 3503 videretur
361 3456 556 3522 conflaverat,
585 3459 656 3516 quod
681 3459 728 3506 Kr.
754 3457 852 3504 excudi
878 3450 969 3518 jussit.
994 3481 1031 3493 —
1052 3455 1269 3509 contractiori

202 3542 335 3591 soloece:
364 3542 393 3590 ia
412 3542 545 3593 mnibus.
573 3567 608 3578 -
646 3543 838 3604 auctoritate,·
864 3540 951 3604 codas.
978 3543 1059 3594 libri:
1086 3540 1269 3608 auctoritate,

202 3630 302 3694 gratia
320 3626 401 3689 errius
418 3653 472 3694 —,
499 3630 547 3678 vel
564 3631 753 3698 auctoritate,
771 3630 886 3696 pratia:
905 3629 984 3692 cujuo
1004 3635 1074 3691 eto.;
1103 3630 1152 3676 sed
1168 3628 1269 3689 proba-

203 3718 298 3768 biliter
318 3716 364 3766 Or.
382 3718 488 3764 induxit
503 3729 599 3766 vocem
615 3718 733 3784 gratia,
762 3731 842 3779 quam
859 3719 1009 3767 verisimile
1032 3720 1075 3765 est
1092 3716 1269 3776 adscripsisse

205 3804 323 3865 aliquem
342 3805 376 3853 ad
394 3803 583 3865 explicandum
600 3808 685 3862 verba
710 3802 791 3866 cadus
818 3807 970 3877 augendae.
998 3805 1051 3852 fnit
1076 3805 1181 3861 tamen,
1210 3813 1270 3851 cnm

203 3887 323 3953 trajecta
348 3891 418 3940 haec
444 3893 583 3955 putarem,
612 3904 667 3952 qno
696 3895 764 3942 vitio
794 3895 916 3955 inprimis
944 3891 1052 3941 laborat
1071 3884 1175 3952 Velleji
1190 3889 1270 3954 liber,

205 3991 267 4028 cum
285 3979 339 4028 hoc
357 3980 479 4029 dedisset
496 3981 631 4041 scriptor:
658 3979 732 4042 Opus
749 3995 771 4031 e.
786 3995 815 4044 p.
834 3978 1006 4031 auctoritate
1023 3977 1165 4048 quaeadm
1189 3975 1271 4040 cajus

205 4065 482 4128 masticationem
501 4069 559 4116 elo.
577 4069 654 4117 certe
671 4080 723 4117 nec
742 4070 849 4118 omnino
868 4066 940 4114 omni
956 4064 1122 4112 auctoritate
1139 4066 1271 4116 carebant

203 4155 297 4211 partes
309 4152 413 4205 Cinnae
422 4170 432 4218 3
454 4168 516 4218 nec,
537 4156 562 4204 si
580 4157 742 4218 caruissent,
760 4155 901 4203 dicendum
916 4152 976 4200 erat
993 4154 1102 4214 proprie
1116 4154 1271 4218 augendae,

206 4240 257 4287 sed
275 4241 477 4308 adiungendae.
498 4255 571 4294 nunc
586 4246 675 4294 minus
694 4243 802 4292 curiose
820 4240 927 4290 locutus
945 4240 988 4290 esi
1004 4240 1047 4292 hio
1063 4243 1166 4292 noster.
