2998 4896
597 383 700 434 uisu.
730 385 765 432 u.
793 384 837 432 11.
1199 358 1245 434 iit

190 535 387 608 penetrasset
420 530 591 610 regiones,
638 544 725 588 uma
762 527 917 592 adversus
959 529 1118 592 mnenon
1153 531 1247 608 cepit

192 627 329 706 Quonim
348 637 382 692 ut
403 627 527 690 fortuna
548 619 718 713 atron,'ira
736 647 834 694 causa
851 630 908 694 fuit
923 631 1110 712 justissima,
1147 631 1248 696 Pete·

191 730 262 793 bant
281 731 365 796 enim
384 747 455 791 eam
473 728 649 808 civitatem,
668 730 758 794 cuius
775 733 937 812 imparium
959 734 1055 797 armis
1071 725 1247 798 tuebantur:

189 851 248 909 per
267 849 374 892 onmes
393 845 496 889 nonos
515 839 609 905 atque
630 837 731 895 maore
752 837 833 898 belia
851 840 971 912 duplici
988 853 1118 898 nummo
1140 842 1248 898 oroa-

189 938 279 994 nron
302 936 502 1007 moneoque
515 933 620 1010 mona,
651 949 753 1009 cepoe
769 941 804 998 ro
829 943 896 998 eaor
916 943 1048 1000 uotam
1061 939 1123 1010 jor
1141 944 1247 1016 recipe,
1275 929 1277 937 ’

189 1053 273 1117 puae
293 1051 352 1109 per
374 1052 428 1094 eor
445 1038 478 1092 br
504 1038 538 1124 id
556 1038 658 1108 ipsum
677 1042 872 1109 pervenisset
889 1043 1069 1119 fartipa'nm,
1087 1029 1167 1116 prae
1186 1058 1248 1116 qua

188 1147 329 1204 rromrner
349 1144 485 1198 eiusdem
503 1142 928 1216 regenerationemque
947 1151 1096 1202 aeternos
1109 1145 1247 1202 alienar-

191 1262 269 1320 qoe,
297 1245 442 1314 fastidire
461 1248 575 1315 posset.
622 1236 658 1299 ld
676 1236 790 1298 ballum
811 1239 943 1319 amplius
966 1237 1054 1303 CCC
1078 1241 1171 1304 millia
1192 1241 1248 1322 ju·

191 1341 329 1405 vertutis
357 1341 481 1403 Italicae
509 1339 645 1402 abstrdit.
691 1337 867 1401 Clarissimi
889 1341 1097 1420 imperatores
1125 1341 1249 1404 inerunt

190 1443 323 1506 lbcmaoi
338 1461 379 1504 eo
397 1442 476 1505 bello
497 1441 557 1504 Cn.
575 1438 766 1521 Pompejus,
786 1439 845 1503 Co.
864 1437 1007 1522 Pompeii
1023 1443 1135 1524 Magni
1151 1451 1250 1524 pater,

189 1543 228 1610 0.
241 1543 381 1628 illarius,
402 1543 441 1606 de
465 1562 525 1626 qno
537 1542 766 1624 praediximus,
786 1543 824 1604 ln
849 1541 948 1624 Sulla,
961 1557 1042 1606 anno
1063 1552 1138 1606 anta
1152 1561 1249 1625 prae·
1293 1577 1301 1594 ι

190 1655 256 1708 tura
283 1644 427 1726 iunctus,
457 1642 497 1720 0.
526 1643 690 1721 bieiellus,
711 1642 872 1706 Numidici
893 1639 993 1725 lilius,
1013 1637 1078 1725 ‘qui
1106 1647 1250 1708 meritum

192 1765 368 1827 cognomen
387 1751 438 1807 Pir·
455 1752 649 1808 consecutus
671 1751 747 1805 erat.
787 1742 913 1826 Quippe
931 1744 1097 1824 expulsum
1122 1745 1249 1808 nutare

189 1840 212 1910 a*
233 1849 273 1910 lr.
293 1847 474 1927 Saturnino,
501 1845 622 1908 tribuno
644 1843 764 1925 plebis.
794 1845 879 1927 quod
897 1846 988 1936 solus
1007 1847 1040 1908 lu
1061 1846 1154 1928 loges
1180 1846 1253 1908 eius

173 1975 177 1978 ·
185 1951 293 2030 jurare
315 1949 473 2029 noluerat,
493 1947 610 2028 pietate
629 1965 703 2025 sua,
723 1947 905 2011 auctoritate
920 1947 1069 2030 Senarus,
1090 1964 1250 2012 consensu

58 2113 61 2122 ,
189 2052 268 2132 Pop.
286 2048 437 2132 Romani,
457 2049 592 2112 restituit
612 2058 748 2130 patrem3
767 2065 830 2114 neo
843 2047 1006 2133 triumphis
1018 2051 1250 2132 honoribusque

191 2170 283 2233 quarn
297 2151 369 2231 [aut
392 2166 492 2216 causa
511 2150 630 2236 exilil,]
650 2159 703 2214 aut
717 2151 829 2236 exilio,
848 2159 902 2214 aut
919 2150 1040 2235 reditu,
1060 2152 1172 2215 clarior
1192 2150 1250 2214 brit

191 2253 388 2316 Numidicus.
435 2253 612 2316 italicorum
641 2261 745 2316 autern
772 2245 898 2314 fuerunt
927 2253 1122 2316 celeberrimi
1149 2252 1250 2316 duces

190 2355 255 2432 Silo
274 2355 470 2438 Popaedius,
490 2355 609 2418 Herios
632 2353 785 2439 Asinius,
802 2351 941 2433 lostejus
963 2354 1061 2432 Cato,
1079 2352 1118 2415 C.
1138 2353 1249 2416 Ponti·-

187 2455 276 2536 dius,
297 2457 466 2520 'l'eleslnua
484 2458 633 2540 Pontius,
652 2455 774 2518 Marius
793 2455 959 2534 speruus,
979 2452 1096 2532 Papius
1109 2452 1250 2514 Mutilus.

265 2558 382 2636 Neque
412 2571 477 2636 ego
504 2557 700 2620 verecundia
734 2555 899 2619 domestici
931 2554 1095 2638 sauguinis
1129 2552 1249 2636 gloriae
1259 2545 1303 2612 16

188 2658 374 2741 quidquam,
394 2657 467 2722 dum
489 2677 600 2720 verum
617 2655 731 2742 relaro,
750 2653 937 2720 subbabam·
978 2654 1102 2740 Quippe
1119 2657 1249 2720 mrdnrm

188 2761 310 2824 liliuatii
339 2761 457 2844 Magii,
486 2761 571 2826 atavi
596 2759 676 2842 mei,
705 2759 955 2842 Aaeulaueusis,
980 2759 1176 2826 tribuendum
1197 2768 1249 2822 est

188 2862 376 2942 memoriae,
395 2862 449 2944 qni
471 2881 572 2941 nepos
589 2859 682 2926 Decii
699 2859 817 2946 Magii,
837 2861 1066 2942 Campanorum
1088 2860 1249 2942 principis,

190 2964 386 3027 celeberrimi
407 2973 440 3025 et
464 2961 641 3028 fidelissimi
666 2963 743 3045 viri,
772 2972 891 3026 motum
911 2963 973 3025 boc
993 2961 1075 3024 bello
1096 2960 1255 3046 Romanu,

189 3064 285 3146 fidem
307 3063 479 3145 praestitit,
510 3072 544 3127 ut
566 3081 638 3126 cum
663 3064 806 3144 legione,
832 3081 924 3144 qnam
953 3063 1026 3143 ipse
1050 3062 1084 3124 in
1108 3063 1248 3144 llirpinis

190 3163 440 3244 conscripserat,
467 3161 701 3225 Herculaneum
728 3164 820 3226 simrd
845 3181 917 3226 cum
942 3163 979 3226 u.
1000 3163 1093 3226 Didio
1109 3175 1248 3248 caperet,

190 3264 360 3346 Pompejos
383 3283 455 3328 cum
481 3265 519 3328 la
539 3261 630 3328 Sulla
649 3273 860 3349 oppugnaret,
890 3264 1122 3348 Compsamque
1146 3286 1248 3332 occu·-

191 3375 290 3444 paret.
329 3365 429 3445 Cujus
449 3368 488 3428 de
508 3365 674 3429 mnudbns
688 3384 761 3429 cum
777 3367 839 3452 alii,
858 3375 922 3428 tum
940 3368 1076 3432 manium
1091 3369 1247 3436 dilucide·

191 3510 239 3570 qui
254 3509 363 3560 videmr
380 3511 520 3572 pertinere
535 3513 570 3561 ad
589 3522 648 3573 cap.
672 3509 713 3560 lb.
733 3509 838 3562 lolibri
858 3513 1015 3563 extremam.
1032 3539 1067 3550 -
1086 3517 1247 3568 st-reoo-

191 3600 336 3649 merant.
371 3597 489 3648 Acidaiil
499 3599 652 3648 emendatio
666 3610 727 3648 uam
735 3597 814 3650 libri:
834 3602 1050 3654 nt—renrirrt.
1067 3621 1102 3638 -·-
1120 3597 1167 3662 qod
1174 3598 1247 3648 ser·-

190 3685 296 3737 murro.
313 3687 406 3736 codd:
429 3684 530 3752 qnippe
553 3687 650 3756 Sero,
668 3689 739 3751 quod
760 3691 880 3740 correxit
901 3691 933 3740 N.
953 3692 1088 3741 Heinsius.
1114 3707 1149 3724 ·-
1175 3691 1249 3750 pror

190 3786 252 3840 qao.
269 3774 349 3826 libri:
371 3787 425 3838 per·
441 3777 528 3842 wod,
545 3779 686 3839 permixtis
703 3778 797 3828 barum
816 3781 1048 3842 praepositionum
1065 3775 1248 3839 compendiis3

189 3865 260 3925 quoi
278 3876 365 3927 genus
385 3862 445 3914 vitu
459 3877 542 3928 saepe
560 3867 657 3916 iniecit
677 3869 744 3918 vett.
764 3866 858 3919 libros.
885 3891 920 3904 -
949 3865 1109 3918 mansoni
1123 3864 1249 3928 enmu-

187 3954 273 4004 tores.
290 3953 394 4018 legitur
413 3951 571 4006 Clarissimi
591 3957 684 4006 autem
701 3956 767 4022 torp.
774 3992 788 4024 ,
806 3970 866 4007 cum
886 3959 1016 4016 sequatur
1034 3953 1127 4002 creterra
1146 3953 1250 4004 inillis

188 4041 358 4094 Italicorum
373 4043 466 4109 osten
485 4047 553 4108 etc,
572 4052 642 4105 quae
659 4045 722 4095 into
738 4046 821 4109 capiti
841 4039 1002 4106 adjecimus,
1019 4047 1081 4086 com
1106 4041 1190 4105 vulgo
1214 4043 1249 4092 ab

188 4128 224 4176 iia
244 4133 366 4182 ordiatur
394 4133 561 4196 proximum,
587 4127 730 4200 disjunctis
749 4133 856 4194 quidem
879 4125 1094 4178 cohaerentibus.
1117 4153 1152 4165 ·-
1178 4127 1249 4191 [arat

192 4227 279 4266 conso
301 4216 409 4282 acilii]
428 4223 620 4283 interpretatio
639 4223 720 4272 verbi
735 4217 830 4268 scilic.
849 4215 885 4262 ct.
901 4209 948 4260 ts.

262 4301 304 4351 16.
340 4306 484 4357 domestici
512 4307 655 4370 sanguinis
682 4303 799 4368 pieriae.
827 4303 876 4350 bis.
903 4302 976 4362 Aria,
1003 4303 1036 4355 ab
1058 4304 1244 4354 emendatore:
