2990 4894
595 397 697 447 nnsn.
723 397 760 447 a.
788 395 831 446 11.
913 415 917 422 ·
1170 369 1240 446 litt

189 542 336 606 haberent
355 540 528 621 hominum,
547 533 722 619 quanquam
741 536 855 620 gladiis
874 535 992 599 domari
1010 546 1244 625 nonqoterant,

187 659 285 725 posse
299 637 528 722 joremuloeri.
568 633 639 713 Quo
657 639 816 719 proposito
831 636 965 700 mediam
977 637 1144 719 ingressus
1154 637 1247 708 (ier-t

186 738 330 822 maniam,
348 740 440 800 velut
452 739 533 800 inter
551 738 639 800 viros
657 740 747 818 pacis
760 737 937 822 gaudentes
950 739 1125 823 dulcedine,
1141 739 1245 818 juris-

186 841 372 908 dictionibus
392 838 578 921 agendoque
595 858 651 920 pro
671 841 812 903 tribunali
823 842 1091 907 ordinetrahebat
1109 842 1246 918 aestiva.

214 949 227 964 ‘¹
261 943 305 1004 At
323 939 381 1021 illi,
401 939 484 1021 qnod
502 939 564 1000 nisi
582 948 732 1020 expertus
747 943 803 1005 vix
819 943 937 1027 credat,
956 944 988 1007 in
1003 960 1125 1005 summa
1143 935 1315 1023 aspa-118

184 1045 282 1106 ritate·
297 1039 526 1126 versutissimi,
546 1049 712 1123 natumque
731 1044 895 1106 mendacio
914 1063 1035 1127 genus,
1060 1045 1251 1126 simulantes,

184 1143 277 1206 lictus
296 1137 530 1226 litium-series,
563 1150 601 1205 et·
613 1159 696 1206 nnnc
714 1153 925 1225 provocantes
945 1147 1170 1222 alteralterum
1190 1145 1244 1226 in-

182 1242 280 1324 iuria,
294 1259 385 1305 nuno
404 1251 539 1324 agentes
557 1244 692 1327 gratius,
711 1243 795 1325 quod
814 1261 862 1306 ea.
872 1243 1024 1306 Romana.
1030 1243 1151 1325 jtmtitia
1168 1244 1244 1305 lini-

185 1352 248 1426 ret,
266 1343 518 1426 feritasquesuu
535 1343 672 1408 bonitate
688 1345 867 1427 incognitae
887 1334 1244 1426 disciplinaemitesce-

184 1453 249 1528 ret,
269 1454 301 1507 et
319 1444 410 1508 solite
428 1446 524 1508 armis
543 1445 671 1509 decerni
687 1445 761 1526 jure
779 1446 1026 1530 terminarentur,
1045 1447 1076 1508 in
1090 1463 1244 1510 summam

187 1541 363 1610 socordiam
381 1546 565 1627 perduxere.
579 1545 776 1631 Quintilium,
793 1565 897 1630 usque
915 1568 973 1632 eo,
1005 1557 1038 1612 ut
1057 1567 1096 1611 se
1113 1556 1242 1629 praeteg-

185 1665 252 1709 rem
271 1648 420 1710 urbanum
438 1649 470 1710 in
489 1647 557 1711 loro
571 1648 626 1730 jus
646 1648 770 1731 dicere,
789 1669 851 1712 non
870 1649 1032 1711 inmediis
1052 1646 1243 1712 Germaniae

115 1751 123 1766 “
183 1748 297 1811 linibus
316 1749 468 1812 exercitui
486 1767 660 1832 praeesse,
685 1749 837 1813 crederet.
877 1751 957 1811 'lium
973 1748 1102 1830 juvenis
1121 1767 1246 1832 genere

185 1848 309 1931 nobilis,
328 1848 545 1931 manufortis,
564 1867 664 1913 sensu
683 1851 786 1935 celer,
803 1851 882 1913 ultra
900 1850 1061 1912 barbarum
1080 1836 1245 1930 ιιιιιιιιιιιιιιΙ

185 1949 328 2034 ingenio,
346 1950 471 2013 nomine
490 1950 666 2030 Arminius,
686 1949 854 2034 Sigimeri,
873 1950 1023 2032 principis
1041 1950 1147 2032 gentis
1160 1949 1242 2035 ejrm,

184 2051 284 2132 iilius,
304 2050 448 2115 ardorem
466 2053 560 2121 animi
578 2053 664 2116 vultu
684 2053 846 2134 oculsqne
866 2051 1067 2134 praeferens,
1092 2051 1241 2115 assiduus

185 2153 310 2215 militiae
330 2162 456 2216 nostine
474 2153 586 2235 prioris
606 2171 731 2238 comes,
745 2153 801 2236 jus
819 2153 913 2215 etiam
930 2152 1066 2216 civitatis
1078 2151 1241 2214 Romanae

186 2261 219 2318 et
237 2255 396 2337 equestris
415 2263 605 2320 consecutus
624 2255 761 2341 gradus,
780 2254 915 2334 segnitia
935 2252 1030 2314 ducisv
1044 2251 1076 2312 in
1091 2249 1241 2314 occasio-

185 2459 395 2524 speravitque,
411 2463 446 2509 ut.
456 2459 530 2510 bello
547 2461 675 2508 inviotmn
692 2451 906 2520 nationemjure
923 2455 1064 2506 mulceret.
1081 2453 1241 2506 seductum

142 2596 146 2600 .
185 2559 244 2595 esse
270 2556 304 2593 ex
329 2535 378 2596 ise.
403 2569 437 2581 -
462 2558 626 2610 quanquam.
650 2545 753 2608 legitur
769 2543 875 2610 quique.
899 2543 927 2592 id
952 2544 977 2592 sl
994 2543 1139 2605 genuinum
1157 2544 1240 2604 esset,

185 2628 311 2695 Vellejus
330 2635 442 2683 dixisset
458 2633 587 2698 possent,
615 2644 670 2682 non
686 2633 835 2697 poteram,
862 2634 892 2680 ut
911 2631 1077 2681 constructio
1095 2631 1241 2680 verborum

184 2721 237 2770 sibl
254 2724 402 2772 constaret.
428 2720 548 2770 turbavit
566 2721 611 2769 iic
630 2732 734 2783 quoque
757 2732 789 2786 ιι,
807 2732 824 2770 e
843 2723 872 2771 et
888 2721 899 2768 i
923 2719 1075 2770 litterarum
1094 2718 1124 2767 ιιι
1148 2717 1240 2768 multis

184 2810 261 2859 codd.
285 2809 433 2859 similitudo
452 2794 589 2870 (qunque,
607 2810 719 2871 quiquo,
737 2811 862 2871 quique).

253 2896 311 2946 its.
346 2899 447 2949 credat
461 2897 536 2959 laios.
553 2900 582 2945 et
601 2897 650 2948 alli
667 2909 716 2959 pro
735 2899 873 2948 madebat.
901 2918 936 2931 -
958 2895 1112 2946 insomnia
1128 2893 1249 2958 asperi-¹

184 2987 252 3035 tate.
283 2987 307 3032 ir.
327 2997 351 3034 e.
368 2986 488 3034 feritate.
511 2985 539 3033 id
562 2985 723 3035 vocabulum
742 2986 906 3047 adscriptum
931 2983 1126 3043 interpretandi
1149 2982 1241 3044 gratia

185 3071 332 3134 expulisse·
345 3073 454 3121 videtur
479 3074 622 3134 genuinam
650 3083 745 3121 vocem
752 3087 761 3134 ;
790 3072 851 3133 vel,
882 3087 901 3121 a
932 3072 1085 3131 intercepto
1111 3081 1129 3118 ιι
1153 3071 1238 3119 verbo

184 3171 308 3224 summa,
336 3158 471 3223 speritate
488 3163 623 3208 ιιιιιιιιιιιιιι
636 3159 720 3207 luerit
744 3160 856 3218 primum
879 3160 907 3208 in
925 3155 1069 3221 sferitate,
1096 3158 1192 3207 deinde
1209 3159 1238 3206 ln

184 3245 316 3312 feritate,
346 3248 457 3309 propter
474 3249 662 3310 cognationem
679 3245 831 3296 litterarum
848 3259 882 3308 p,
900 3247 914 3295 ι
931 3247 960 3295 et
977 3258 1004 3309 s,
1024 3257 1091 3307 quae
1106 3247 1189 3308 facit,
1207 3249 1238 3294 ut

184 3337 237 3385 sibl
252 3335 368 3383 invicem
383 3334 520 3395 officiant,
537 3333 585 3382 vel
603 3333 692 3383 altera
708 3346 759 3395 pro
778 3332 866 3383 altere
882 3334 1167 3400 perscribatur.lcerte
1182 3343 1237 3383 non

185 3426 230 3472 est
245 3420 409 3486 verisimile,
425 3416 562 3483 Vellejunr
581 3421 751 3483 eloquentem
770 3421 864 3470 eodem
882 3420 1016 3472 vocabulo
1033 3422 1074 3471 bis
1086 3433 1162 3471 usum
1174 3429 1236 3468 esse

184 3511 213 3559 in
224 3511 319 3560 eadem
334 3511 466 3558 emtione.
483 3533 518 3544 -
532 3511 726 3573 provocantes.
743 3509 828 3557 Rhea.
838 3511 866 3557 in
878 3509 985 3558 ordine:
1002 3521 1148 3574 procaces,
1164 3506 1236 3566 quod

149 3617 152 3622 ·
184 3595 243 3660 lpse
260 3598 422 3648 emendavit
444 3619 481 3634 -
508 3596 638 3648 ιοιιιιιιιε.
655 3598 728 3646 lisa
752 3595 890 3663 nouitate,
915 3598 986 3659 quod
1009 3599 1101 3645 natum
1117 3593 1236 3642 arbitror

185 3698 219 3735 ex
236 3684 369 3736 uanitate.
388 3684 427 3734 n:
457 3684 613 3745 suavitate,
637 3686 713 3747 quasi
737 3697 814 3734 sua·
831 3685 1011 3747 interceptum
1033 3683 1070 3730 sit
1085 3692 1104 3730 ιι
1120 3691 1235 3740 praece-

185 3775 265 3824 dente
281 3787 350 3834 sua,·
365 3784 434 3835 quae
449 3774 520 3822 ratio
536 3772 620 3834 longe
638 3773 730 3822 durior
747 3777 803 3822 est:
820 3785 904 3835 saepe
916 3774 986 3822 eninr
1005 3771 1061 3819 iret
1072 3781 1099 3832 o,
1116 3769 1234 3828 itemque

184 3875 202 3923 ιι
222 3864 251 3912 et
268 3873 302 3925 u,
319 3861 424 3911 litteras
441 3861 568 3910 contusas
584 3861 696 3924 scimus,
723 3873 783 3910 cnm
801 3860 985 3924 neglectarum
1003 3855 1169 3919 syllabarum
1187 3859 1234 3906 aut

185 3962 282 4002 vocum
300 3948 422 4011 exempla
440 3960 498 4010 non¹
511 3949 567 3998 sint
582 3950 623 3998 ita
633 3949 791 4011 frequentin.
808 3948 930 3996 -idem
947 3950 1038 3994 recte:
1056 3942 1232 4006 deauratura

187 4037 325 4104 discerni,
339 4031 469 4099 judicium
485 4041 595 4087 secutus
614 4037 737 4088 Grcncvl
755 4036 817 4086 Olus.
836 4035 868 4097 3,
888 4031 937 4094 13,
954 4044 979 4093 p.
998 4029 1063 4079 ³48.
1085 4055 1120 4066 -
1139 4026 1232 4092 jus—-

188 4128 300 4184 quadus.
321 4124 418 4174 illem:
440 4121 506 4184 jure
529 4124 613 4182 etiam
639 4123 765 4176 ciuitatis
777 4121 901 4170 Mamas
917 4117 960 4169 ias
984 4117 1116 4184 equestris
1133 4133 1230 4171 acass-

188 4221 271 4273 quenr
287 4214 407 4276 qradus,
426 4212 455 4258 in
471 4211 564 4272 quibus
576 4208 643 4270 jure
658 4213 749 4260 natum
767 4209 809 4256 est
825 4217 859 4255 ex
870 4200 930 4271 jus,
949 4206 993 4256 cui
1009 4219 1040 4256 se
1051 4206 1231 4270 agglutinavit

190 4309 220 4360 e,
243 4298 312 4358 quod
333 4299 455 4364 nequitur
474 4296 595 4355 (similes
612 4301 699 4348 ιιιιιιιιι
724 4307 740 4344 r
758 4295 786 4344 et
810 4307 824 4344 s
850 4292 960 4346 litterae
982 4296 1013 4346 in
1038 4295 1230 4353 ιιιιιιιιπιιιιιιιι
