2998 4896
568 303 571 332 l

232 351 280 426 oo
680 360 840 427 vnn'nner

233 519 313 582 male
333 517 507 605 audebant,
541 520 580 583 ad
608 520 739 581 dandam
760 520 917 583 eivitatem
937 519 1051 582 ltaliae.
1093 519 1186 596 Quod
1217 537 1287 583 oum

233 619 366 682 moliens
384 620 571 684 revenisset
590 640 610 681 e
631 619 717 704 ioro,
736 623 890 683 immonsa
908 621 959 682 ilia
974 629 1006 682 et
1019 620 1186 705 inoondita,
1208 638 1288 703 quae

233 737 305 782 oum
325 737 453 802 semper
471 719 689 802 annitebatur,
709 721 833 784 oinotus
852 722 1060 806 multitudine,
1085 723 1211 784 inorsa
1231 724 1290 785 do-

233 839 305 884 mus
324 838 403 884 suae
423 823 546 885 oultello
564 837 750 902 pereussos,
770 821 824 899 qui
843 820 958 884 ailixus
977 822 1065 884 lateri
1080 823 1149 884 eius
1162 824 1291 886 reliotos
1354 845 1359 852 ·
1386 821 1396 834 “

237 932 307 1006 est,
339 923 418 986 intra
435 939 557 1005 pauoas
576 923 671 986 horas
692 921 842 985 decessit.
882 921 950 984 Sed
970 938 1041 984 oum
1059 923 1197 986 ultimum
1214 925 1292 986 red-

234 1023 324 1102 deret
341 1022 499 1104 spirimm,
518 1023 643 1086 intuens
662 1023 927 1086 circumstantium
946 1027 1214 1106 moerentiumque
1225 1026 1293 1086 ire-

153 1199 157 1202 ·
236 1125 410 1207 quantiam,
442 1123 551 1188 effodit
579 1143 693 1190 vooam
722 1122 1052 1188 eonvenientissimem
1080 1127 1293 1189 ooneoientioe

236 1243 334 1290 suae:
359 1232 592 1306 mouendam,
623 1226 740 1306 inquit,
772 1231 943 1302 propinqui
968 1217 1136 1305 amicique,
1167 1233 1294 1288 amilon

235 1334 296 1389 met
317 1334 414 1390 moen
442 1333 565 1389 hebetet
584 1343 636 1386 ree
656 1326 808 1401 polliae?
846 1324 941 1389 Hune
973 1327 1068 1389 linem
1100 1329 1295 1393 elatissimos

232 1430 362 1510 juvenis
380 1430 466 1490 vitae
487 1427 607 1504 habam
627 1425 719 1489 ouius
737 1443 856 1492 morum
874 1429 1000 1490 minime
1019 1429 1172 1491 omittatur
1195 1445 1294 1511 argu-
1408 1427 1412 1437 “

237 1537 385 1591 mantum.
424 1527 505 1590 Gom
533 1513 714 1590 aediiioarot
734 1528 857 1592 domum
877 1530 908 1589 in
931 1528 1048 1591 Palatio
1070 1531 1115 1608 [in
1138 1548 1178 1591 eo
1196 1531 1294 1610 loeo]‚

238 1631 290 1693 ubi
318 1639 385 1714 est,
416 1644 498 1711 queo
528 1629 683 1712 quondam
708 1629 894 1715 Ciceronis,
927 1641 1001 1692 mox
1031 1629 1196 1694 Censorini
1226 1629 1294 1709 luit,

238 1751 323 1795 nuno
345 1731 458 1795 sterilii
478 1732 635 1794 Sisennae
662 1741 729 1817 est,
757 1732 1013 1814 promitteretque
1038 1731 1069 1791 ei
1093 1732 1293 1811 architectus,
1383 1719 1386 1726 ’

239 1840 285 1896 ita
302 1853 337 1896 ee
359 1851 428 1894 eaor
445 1835 691 1910 aedificatorem,
717 1843 754 1894 at
780 1837 878 1896 litera
901 1851 922 1894 a
943 1842 1111 1909 conspeetu
1131 1813 1295 1895 metante-

241 1953 301 2011 poe
323 1938 362 1994 al
392 1937 533 1994 oamiloe
565 1938 693 1995 arbitria
721 1945 802 1996 earet
826 1927 950 2013 [nepteo
972 1941 1136 2011 qaisquam
1161 1923 1194 1996 tei
1229 1945 1297 1997 eom

241 2041 400 2116 despicere
431 2035 579 2113 possetis
615 2036 663 2096 nu
688 2052 778 2113 aero,
811 2025 927 2121 inquit,
953 2041 983 2096 ei
1003 2042 1080 2112 aoid
1106 2041 1140 2095 in⁸
1164 2046 1194 2096 te
1218 2043 1298 2097 ertio

241 2147 307 2217 eat,
334 2141 379 2197 ita
401 2153 549 2212 compone
570 2143 693 2198 mam
713 2149 828 2214 meam,
862 2126 919 2212 ιιι,
943 2139 1095 2213 polanam
1118 2153 1222 2213 opem,
1258 2139 1298 2199 ai

244 2241 384 2300 emelim
401 2244 540 2316 peroptet
558 2244 666 2314 poerit.

193 2341 233 2406 lli
319 2339 371 2420 [ln
385 2337 510 2423 legibus
523 2336 663 2404 Graoolri
680 2341 759 2402 inter
773 2339 1040 2420 perniciosissima
1056 2338 1298 2419 numeraverim,

242 2443 328 2526 qnod
354 2449 445 2504 extre
466 2440 583 2502 ltaliam
608 2439 748 2506 ooloniae
767 2440 879 2522 posuit.
918 2440 954 2502 li
980 2439 1116 2521 majores
1136 2439 1225 2518 (eum
1245 2439 1299 2500 vi-

244 2542 358 2604 derent
383 2549 468 2602 tanto
500 2541 706 2620 potentiorem
737 2543 823 2626 'lyro
836 2541 1089 2627 Carthaginem,
1125 2541 1300 2603 Massiliam
1390 2565 1392 2580 ·

242 2642 411 2724 Poeante,
443 2641 626 2722 Syraousas
653 2643 822 2728 Corintho,
855 2643 1011 2726 Cyzioom
1043 2659 1082 2706 ao
1113 2643 1300 2724 Byzantium
1399 2711 1410 2738 x

243 2743 370 2820 Mileto,
390 2741 520 2822 genitali
546 2740 631 2820 sole)
651 2741 816 2824 diiigenter
845 2745 1040 2824 vitaverant,
1068 2749 1101 2803 et
1119 2743 1211 2804 aives
1230 2743 1302 2805 llo·-

244 2861 355 2906 mauos
379 2841 420 2906 ad
440 2842 634 2906 oensendum
660 2857 708 2904 ex
730 2843 902 2921 provinciis
929 2844 961 2904 in
983 2842 1102 2906 ltaliam
1120 2858 1301 2906 revooave-

244 2955 322 3008 rant.
360 2947 466 3009 Prima
484 2955 588 3009 autem
610 2953 700 3007 extra
722 2942 840 3006 ltaliam
859 2945 981 3007 oolonia
1002 2947 1157 3020 cnaoepo
1177 2945 1303 3008 eondita

245 3047 325 3127 ost]
362 3049 454 3112 lllors
471 3049 567 3112 Drusi
583 3047 650 3130 jorn
666 3046 788 3129 pridem
809 3054 993 3110 tumesoeos
1019 3046 1130 3108 tellum
1153 3043 1304 3109 excitavit

244 3147 395 3209 italioum.
434 3145 560 3231 Quippe
581 3150 620 3211 lu
643 3146 786 3211 caesare
806 3157 838 3210 et
854 3148 892 3211 P.
913 3147 1030 3213 Rutilio
1049 3147 1161 3231 Coss,
1190 3147 1303 3210 abhino

246 3266 345 3312 moos
366 3247 477 3334 CXX,
495 3251 645 3315 univerae
667 3250 771 3335 ltalia,
791 3263 863 3312 etun
884 3248 917 3310 id
933 3249 1047 3311 malum
1069 3248 1108 3309 ab
1133 3248 1304 3312 Asoulanis

247 3357 346 3414 ortum
366 3355 473 3430 esset,
494 3351 546 3430 qui
570 3350 739 3414 Servilium
765 3358 941 3432 praetorem
963 3348 1191 3432 Fontejomque
1211 3351 1305 3434 lega-

247 3462 313 3516 tum
337 3449 534 3536 oooitlerant,
566 3469 605 3514 ao
630 3451 744 3514 deiude
765 3469 786 3514 a
809 3447 928 3532 Marsis
948 3458 1116 3534 exeeptom
1140 3452 1172 3513 in
1195 3467 1305 3515 omnes

251 3555 479 3580 W

318 3603 362 3658 14.
397 3618 467 3656 ereo
487 3605 538 3654 liis.
561 3605 1129 3671 Amerbaolr.,1ir.malelll1en.aliique:
1156 3605 1251 3674 atrio,
1271 3618 1305 3654 ex

249 3707 302 3757 quo
327 3693 410 3758 longe
434 3691 573 3743 diffieilior
597 3695 663 3756 ruga
689 3707 767 3757 quam
791 3708 825 3745 ex
853 3705 935 3758 area,
959 3695 1020 3743 sive
1042 3693 1105 3743 loeo
1135 3704 1223 3742 vaoua
1243 3698 1307 3742 ante

250 3785 350 3833 aedes:
372 3781 542 3845 nequeenim
558 3783 741 3833 tantummodo
761 3794 816 3831 vox
836 3793 870 3831 ea
887 3779 1024 3845 significat
1043 3781 1134 3832 iooom
1154 3779 1247 3831 domus
1265 3781 1307 3829 oi-

250 3872 330 3919 rutoe
349 3871 396 3921 vel
412 3869 638 3932 innominandae,
666 3871 696 3918 ut
716 3871 787 3932 apud
807 3867 864 3921 Cio.
885 3871 936 3933 Ep.
951 3872 986 3920 ao
1003 3873 1061 3920 ott.
1078 3869 1112 3934 4,
1131 3869 1175 3933 3.,
1198 3871 1259 3918 Liv.
1280 3864 1308 3930 4,
1374 3895 1382 3906 ·

252 3955 302 4018 io,
321 3958 395 4008 Suet.
411 3960 493 4022 vesp.
515 3959 542 4008 8.
560 3971 587 4007 v.
607 3957 678 4008 Gall.
694 3954 746 4024 lo,
763 3957 807 4021 5.,
826 3958 895 4008 Plln.
914 3959 964 4020 Ep.
983 3957 1016 4019 θ,
1034 3955 1088 4020 203
1106 3957 1141 4020 ’1,
1159 3957 1223 4018 27„
1240 3967 1309 4018 quae

252 4043 316 4094 looa
331 4043 453 4098 laudavit
471 4049 518 4098 lir.
545 4071 579 4082 —
604 4043 651 4110 [ia
676 4059 708 4096 eo
734 4044 815 4109 loeo]
839 4045 978 4110 glossema
995 4047 1098 4108 pariter
1114 4047 1196 4106 utque
1211 4045 1261 4094 illa
1281 4047 1310 4094 in

253 4133 381 4195 proximis
399 4137 645 4202 aeque—posset,
674 4147 742 4198 quae
762 4135 868 4196 quidem
890 4138 918 4183 et
939 4135 973 4184 ab
996 4133 1059 4184 aliis
1077 4135 1181 4195 priten
1196 4135 1311 4185 addubi-

254 4225 312 4272 teta
328 4224 356 4272 et
376 4219 468 4273 delete
481 4228 552 4274 sont.

323 4309 365 4360 lli.
400 4305 455 4372 [Ia
473 4309 622 4372 lepilue-
634 4313 748 4366 condite
763 4309 831 4376 eet]
859 4311 965 4362 alienos
985 4314 1018 4362 ab
1040 4313 1091 4360 lroo
1111 4312 1175 4362 loeo
1196 4323 1315 4375 pannus,
