2998 4896
611 355 712 402 urse.
739 355 776 402 r..
804 355 847 402 ιι.
1213 333 1261 406 37

194 497 371 580 sanguiue,
390 512 470 577 quos
492 511 590 573 saepe
611 513 668 573 pro
689 495 789 556 salute
807 496 853 555 rei
871 495 1014 574 publicae
1033 497 1258 559 llameuDialis

191 605 339 678 precatus
365 605 447 679 crat,
482 594 561 655 deos
587 593 618 654 in
653 595 886 676 execrationem
917 595 1037 658 Cinnae
1062 599 1258 678 partiumque

194 699 268 778 ejus
294 707 358 759 tum
383 701 547 774 precatus,
568 693 682 774 optime
696 694 736 754 de
761 695 940 774 republica
960 698 1103 760 meritum
1125 697 1259 760 reddidit

193 798 347 878 spiritum.
387 795 433 854 M.
450 794 622 876 Antonine,
640 793 789 874 princeps
805 796 962 859 civilitatis
989 804 1082 879 atqu'e
1102 799 1257 878 eloquen-

192 899 270 979 tiae,
291 893 406 978 gladiis
419 894 565 972 militum,
586 911 666 974 quos
682 894 771 973 ipsos
784 895 930 959 facundia
948 916 1007 959 sua
1023 907 1162 960 moratus
1180 908 1258 984 erat,

189 997 284 1078 jussu
308 995 402 1054 Marii
419 994 605 1074 Cinnaequc
624 993 795 1057 confosrsu
814 1008 872 1058 ast.
903 996 941 1073 Q.
959 999 1104 1085 CatuluS,
1124 1009 1156 1061 et
1176 1001 1256 1060 alia*

195 1115 263 1158 rum
280 1100 440 1180 virtutum,
466 1105 498 1157 et
519 1095 591 1156 belli
608 1093 756 1157 Cimbrici
779 1097 895 1182 gloria,
917 1117 998 1179 quac
1018 1101 1060 1161 illi
1074 1119 1146 1180 cum
1155 1101 1257 1162 Mario

193 1197 368 1258 communis
395 1197 514 1278 suerat,
534 1195 779 1278 celeberrime,
800 1216 871 1258 cum
899 1198 940 1259 ad
964 1208 1095 1261 mortem
1122 1201 1256 1280 conqui-

193 1306 331 1377 reretur,
362 1298 515 1359 conclusit
534 1315 571 1356 se
591 1297 661 1358 loco
679 1315 778 1376 nuper
798 1297 887 1360 calce
906 1316 1065 1380 arenaque
1088 1300 1255 1379 perpolito,

190 1393 337 1478 illatoque
353 1398 429 1479 igni,
451 1399 503 1477 qui
518 1397 581 1458 vim
598 1397 703 1459 odoris
723 1398 886 1478 excitaret,
902 1399 994 1459 simul
1011 1400 1127 1461 exitiali
1143 1401 1255 1462 hausto

190 1498 320 1580 spiritu,
339 1499 431 1558 simul
453 1499 575 1561 incluso
598 1515 677 1581 suo,
696 1507 828 1561 mortem
851 1499 955 1580 magis
977 1518 1036 1561 suo
1063 1509 1138 1562 voto
1163 1519 1256 1581 quam

189 1598 315 1659 arbitrio
341 1598 535 1661 inimicorum
569 1598 652 1660 obiit.
693 1597 804 1659 Omnia
831 1609 919 1660 erant
948 1600 1144 1678 praecipitia
1159 1601 1190 1661 in
1220 1593 1255 1660 re

188 1699 330 1778 publica,
352 1717 413 1760 nec
431 1708 533 1760 tamen
550 1699 654 1761 adbuc
674 1701 839 1780 quisquam
853 1698 1085 1783 inveniebatur,
1107 1701 1158 1777 qui
1174 1700 1256 1762 bona

188 1799 271 1860 civis
294 1798 427 1860 Romani
458 1808 511 1859 aut
534 1799 651 1874 donare
681 1797 827 1881 auderet,
861 1807 914 1859 aut
934 1809 1044 1878 petere
1074 1800 1254 1870 sustineret.

188 1900 308 1960 Postea
328 1899 358 1959 id
388 1917 514 1980 quoque
537 1899 695 1980 accessit,
725 1907 758 1960 ut
786 1899 941 1960 saevitiae
964 1918 1095 1968 causam
1124 1902 1255 1988 avaritia

189 2000 374 2084 praeberet,
394 1999 507 2061 modus
531 2001 641 2078 eulpae
664 2016 706 2060 ex
731 1999 887 2083 pecuniae
909 2001 1168 2083 constitueretur,
1188 2000 1255 2079 [sui
1298 2045 1303 2050 -

188 2099 322 2179 quisque
348 2101 481 2179 periculi
512 2117 639 2161 merces
668 2099 783 2180 loret,]
811 2101 1066 2179 necquidquam
1093 2101 1254 2166 videretur

186 2207 296 2282 turpe,
317 2199 401 2279 quod
421 2207 510 2282 esset
532 2210 767 2280 quaestuosum.
1043 2259 1045 2266 ,
1079 2258 1082 2266 .
1166 2273 1169 2280 ,

265 2297 449 2359 Secundum
470 2297 584 2360 deinde
603 2300 797 2362 consulatum
822 2301 924 2361 Ginaia
941 2311 974 2362 et
994 2303 1162 2381 septimum
1177 2303 1306 2375 Mat-23

186 2397 253 2458 rius
272 2398 304 2458 iu
324 2399 460 2478 priorum
481 2398 623 2460 dedecus
640 2401 723 2480 iniit3
745 2399 836 2478 cujus
850 2399 935 2458 initio
956 2399 1064 2459 morbo
1080 2417 1255 2478 oppressus
1297 2476 1298 2480 Ἰ

189 2497 332 2558 decessit
351 2499 401 2557 vir
420 2499 451 2557 in
471 2497 552 2558 bello
572 2499 726 2582 hostibus,
747 2500 778 2558 in
797 2499 859 2558 ctio
876 2498 1000 2559 civibus
1017 2499 1255 2580 infestissimae,

160 2585 166 2598 ⁸
188 2597 683 2677 quietisqueimpatientissimus.
723 2595 869 2676 inhujus
891 2596 993 2658 locum
1009 2596 1164 2659 suffectus
1182 2599 1253 2659 Va-

187 2697 284 2758 lerius
308 2697 464 2776 Flaccus,
485 2683 686 2776 turpissimae
710 2697 794 2776 legis
815 2703 943 2775 auctor,
964 2714 1026 2776 qua
1048 2702 1254 2758 creditoribus

184 2805 395 2872 quadrantem
418 2804 499 2859 eolre·
512 2798 661 2879 jusserit3
692 2797 783 2876 cujus
811 2796 886 2858 lacti
913 2797 1025 2857 merita
1054 2816 1125 2857 eum
1151 2816 1255 2877 poena

187 2897 266 2958 intra
292 2897 449 2958 biennium
479 2907 652 2983 consecuta
673 2907 732 2960 est.
785 2897 973 2958 Dominante
994 2897 1026 2956 in
1044 2897 1133 2957 ltalia
1153 2897 1254 2960 Cinna

119 2987 123 2993 ’
187 2996 285 3076 major
304 3015 379 3076 pars
398 2997 564 3058 nobilitatis
592 2998 633 3057 ad
659 2997 779 3059 Sullam
804 2997 841 3056 in
870 2995 1045 3077 Aclrajam,
1078 3015 1117 3058 ac
1140 2996 1253 3060 deiude

188 3105 258 3173 post
288 3096 319 3156 iu
353 3095 465 3156 Asiam
496 3095 642 3175 perfugit.
683 3096 771 3156 Sulla
802 3095 925 3156 interim
959 3113 1031 3156 cum
1062 3097 1252 3160 Mithridatis

189 3195 357 3270 praefectis
378 3196 464 3258 circa
487 3195 631 3256 Athenas
651 3196 876 3274 Boeotiamque
906 3203 938 3256 et
963 3196 1184 3258 Macedoniam
1209 3199 1252 3258 ita

190 3291 363 3378 dimicavit,
382 3305 416 3357 nt
433 3303 465 3356 ct
483 3295 627 3356 Atlreuas
651 3295 824 3376 reciperet,
845 3303 891 3378 et,
910 3296 1041 3376 plurimo
1064 3298 1149 3359 circa
1167 3298 1250 3380 mul-

189 3533 343 3581 rbetorice:
362 3548 416 3585 non
436 3537 527 3585 artem
543 3537 633 3586 actum
651 3549 712 3586 eam
730 3533 859 3604 fatetur,
877 3539 927 3588 sed
945 3537 969 3588 ei
986 3537 1159 3603 particulam
1179 3531 1249 3583 civi-

189 3619 278 3671 litatis
305 3621 441 3686 assipnat.
469 3623 550 3693 simili
578 3625 676 3684 menda
702 3626 816 3696 interius
839 3638 862 3674 c.
883 3625 927 3674 60.
955 3624 1115 3676 civitatibus
1141 3621 1250 3686 videtur

189 3708 316 3768 scriptum
333 3721 383 3770 pro
404 3709 568 3761 incivilitate.
587 3712 623 3759 cf.
644 3723 705 3760 ann.
726 3713 759 3761 ad
778 3716 874 3764 vocab.
893 3710 1088 3764 inscitiae-1·
1108 3732 1144 3742 -
1160 3707 1249 3771 maim

187 3807 236 3844 aaa
254 3797 328 3845 octo.
346 3799 425 3846 recte
440 3798 490 3845 Kr.
507 3799 623 3848 inseruit
639 3801 736 3849 vocab.
755 3813 820 3863 suo,
845 3802 970 3850 haustum
987 3799 1054 3846 illud
1073 3797 1107 3845 ab
1124 3795 1248 3854 utrinque

188 3881 289 3932 vicinis.
317 3907 353 3918 -
383 3885 535 3946 praeberet
551 3911 587 3921 -
601 3884 685 3948 foret.
708 3887 789 3952 libri,
818 3900 874 3937 non
901 3898 954 3934 uuo
972 3885 1079 3932 nomine
1106 3881 1246 3944 culpandi:

188 3971 332 4026 praeberet
359 3974 388 4021 et
412 3973 510 4022 modus
536 3988 559 4024 a.
588 3987 624 4023 ee
639 3975 774 4037 pecuniae
789 3975 872 4025 modo
891 3973 996 4034 conat,
1026 3971 1054 4019 et
1080 3968 1126 4033 qai
1147 3967 1248 4030 suisset

191 4051 323 4124 locuples,
352 4057 436 4122 fieret
460 4074 577 4128 nocens,
605 4061 650 4112 eui
667 4061 779 4127 quiaque
796 4065 864 4120 etc.;
891 4058 978 4106 verba
1000 4057 1029 4104 et
1047 4055 1094 4120 qui
1112 4078 1148 4092 ···
1169 4054 1247 4118 svm

192 4148 383 4196 concreverunt
399 4159 414 4194 e
432 4147 617 4212 glossematis,
635 4161 747 4210 quorum
758 4149 895 4206 posterius
909 4142 1061 4212 subiectum
1075 4145 1117 4194 est
1127 4156 1185 4205 cap.
1199 4142 1245 4188 28·

196 4293 198 4300 y
247 4214 295 4278 ¹23.
326 4229 455 4291 jusserit.
468 4235 591 4306 ,scloecc
609 4235 685 4285 libri:
701 4233 860 4298 ·jaaserat,
887 4243 905 4280 a
923 4234 952 4279 el
967 4232 978 4287 i
996 4230 1097 4282 litteris
1116 4229 1245 4290 ⁶⁰¹¹f⁸¹⁸i⁸r
