2998 4896
576 370 678 418 rusr.
705 371 741 420 n.
769 371 812 418 ιι.
1174 347 1222 420 63

161 537 201 580 se
220 517 391 598 arenueret,
412 517 473 578 illis
492 513 695 577 incrementis
714 513 790 576 lecit
808 516 912 597 viam,
947 516 1058 596 quibus
1078 537 1140 580 non
1159 519 1221 578 lli-

163 620 294 700 spaniae
313 610 487 697 alienaius,
508 614 567 676 sed
587 615 768 697 Hispanus,
802 617 833 678 in
853 618 1038 699 triumphum
1057 619 1225 698 pontilica·
1264 663 1269 670 -

162 731 291 802 tumque
311 726 508 800 assurgeret,
527 715 681 798 fieretque
701 733 744 776 ex
764 717 885 797 privato
902 720 1024 781 consul.
1063 719 1226 782 Variatum

63 825 64 830 ’
162 823 279 886 deindo
299 820 438 902 proeliis,
458 817 516 880 sed
535 837 597 880 uuo
617 819 712 900 longe
728 819 832 900 magis
847 819 1050 900 Pompejanis
1064 839 1226 902 prospero,

163 945 226 1007 quo
246 923 387 1007 graviter
405 920 529 1001 impulsi
549 929 622 982 sunt
643 919 795 981 Caesaris
815 921 941 983 milites.

241 1027 320 1086 Tum
354 1022 478 1094 Caesar
514 1040 585 1084 cum
617 1022 777 1082 exercitux
793 1021 922 1084 fatalem
960 1024 1114 1086 victoriae
1147 1024 1278 1088 sua052

164 1125 363 1190 Thessaliam
382 1124 478 1205 petiit.
516 1123 704 1207 Pompejns,
723 1124 819 1202 longe
841 1121 971 1186 diversa
991 1127 1060 1186 aliis
1084 1124 1226 1188 suaden—
1251 1189 1256 1206 ,

163 1227 264 1307 tibus,
285 1226 433 1306 (quornm
451 1225 592 1305 plerique
612 1223 828 1309 hortabantur,
857 1235 895 1284 ιιι
917 1231 952 1284 in
972 1231 1097 1286 ltaliam
1114 1236 1225 1286 trans-

161 1335 311 1403 mineret,
340 1345 444 1408 neque
469 1325 618 1388 hercules
638 1324 806 1405 quidquam
826 1325 965 1405 partibus
990 1326 1050 1387 illis
1070 1326 1226 1388 salubrius

163 1430 236 1510 fuit3
256 1429 324 1507 alii,
350 1439 389 1488 ιιι
413 1431 526 1488 bellurn
547 1431 704 1502 traheret,
732 1425 841 1513 qood,¹
862 1425 1043 1505 dignatione
1066 1437 1168 1514 parta,
1196 1430 1227 1489 in

162 1530 235 1594 (lies
251 1530 330 1611 ipsis
352 1529 456 1612 magis
478 1547 664 1610 prosperum
688 1527 795 1605 lieret)
814 1545 894 1590 usus
922 1528 1041 1610 impetu
1064 1547 1139 1616 suo,
1164 1530 1226 1591 ho·

161 1641 246 1696 stem
267 1640 399 1696 secutus
417 1639 477 1692 est.
500 1631 615 1692 Aciem
623 1629 838 1691 Pharsalicam
854 1629 953 1712 illam,
972 1633 1226 1694 cruentissimum

163 1728 308 1795 Romano
342 1731 459 1794 nomini
491 1730 594 1810 diem,
635 1728 832 1810 [tantumque
868 1719 1032 1812 utriusque
1065 1733 1227 1794 exercitus

163 1833 326 1914 prolusum
342 1832 541 1916 sauguinis,]
562 1841 612 1913 et,
634 1830 797 1893 collisione
816 1832 896 1896 inter
922 1849 959 1892 se
983 1832 1113 1895 duorum
1136 1835 1228 1914 capi-

160 1945 248 2017 tum,
270 1933 422 1996 effossum
441 1933 572 1996 alterum
584 1931 719 1993 Romani
741 1932 860 2014 imperii
875 1934 996 2014 lumen,
1011 1943 1065 1998 'tot
1083 1936 1228 2018 talesque

164 2034 425 2117 Pompejanarum
444 2034 576 2116 partium
592 2051 710 2096 caesos
725 2034 831 2119 viros,
849 2055 912 2098 nou
930 2037 1042 2118 recipit
1054 2036 1228 2100 enarranda

165 2138 218 2200 hic
238 2137 412 2217 scripturae
430 2136 553 2222 modus,
591 2134 669 2196 lllud
694 2135 863 2198 notandum
884 2145 948 2200 est:
971 2147 1005 2200 nt
1027 2139 1159 2218 primum
1187 2138 1226 2201 C.

162 2239 288 2301 Caesar
310 2239 486 2300 inclinatam
505 2237 583 2299 vidit
601 2237 861 2318 Pompejauorum
882 2240 1000 2324 aciem,
1019 2257 1124 2320 neque
1137 2241 1226 2318 prins

162 2359 267 2422 neque
282 2341 440 2420 antiquius
460 2339 626 2421 quidquam
648 2339 754 2402 habuit
772 2357 864 2419 quam
880 2340 964 2401 utin
985 2358 1095 2401 omues
1118 2351 1226 2418 partes

162 2446 266 2502 Parce
281 2445 329 2517 (nt
349 2441 488 2503 militaris
509 2441 600 2502 verbi
617 2439 845 2502 consuetudine
859 2439 944 2518 utar)
962 2438 1138 2502 dimitteret.
1163 2441 1225 2506 Pro

67 2550 70 2561 '
162 2541 208 2602 dii
236 2543 443 2622 immortales,
475 2543 559 2621 quod
584 2540 678 2619 hujus
703 2541 872 2603 voluntatis
895 2560 974 2620 erga
993 2543 1122 2604 Brutum
1147 2559 1228 2605 suae

162 2652 277 2720 postea
292 2644 341 2703 vir
357 2651 420 2704 tam
439 2642 524 2703 mitis
543 2642 675 2721 pretium
690 2642 776 2705 tulit!
815 2643 901 2706 Nihil
916 2643 968 2705 illa
980 2644 1114 2706 victoria
1128 2645 1233 2706 mira-1

161 2744 275 2830 bilius,
298 2744 571 2827 magnificentius,
599 2744 714 2807 clarius
735 2744 807 2828 brit,
838 2745 961 2827 quando
983 2746 1140 2808 nemiuem
1164 2745 1227 2809 nisi

160 2847 232 2908 acie
254 2856 452 2910 consumtum
474 2847 580 2909 civem
598 2847 696 2926 patria
716 2846 928 2927 desideravit3
948 2847 1007 2910 sed
1024 2867 1139 2910 munus
1161 2850 1226 2910 rui-

163 2947 356 3010 sericordiae
373 2950 510 3027 corrupit
527 2949 708 3028 pertinacia,
724 2967 795 3010 curu
816 2948 962 3010 libentius
978 2949 1074 3010 vitam
1093 2949 1227 3012 νίοιοιίι

162 3044 252 3108 daret
270 3063 362 3129 quam
378 3047 455 3108 victi
473 3050 665 3126 acciperent.

163 3242 352 3303 aschemere,
379 3241 505 3301 quonium
522 3252 575 3290 nec
601 3241 720 3312 imbellis
743 3255 795 3292 nec
820 3244 940 3306 imperiti
963 3246 1039 3294 ducis
1061 3249 1104 3297 est
1123 3242 1224 3297 hellam

163 3328 288 3389 trahere,
305 3329 366 3378 dum
381 3331 555 3378 occasionem
568 3332 743 3380 nanciscitur.
763 3333 803 3380 ita
819 3343 878 3394 cap.
896 3333 938 3382 oa.
956 3335 993 3384 M.
1010 3337 1109 3386 niutau
1128 3337 1227 3398 digua·

164 3415 241 3463 tione
268 3416 392 3464 obruisse
414 3417 515 3465 dicitur
540 3418 694 3481 Vatinium,
722 3419 818 3468 ducem
844 3423 996 3481 pessimum.
1022 3449 1058 3462 --
1086 3425 1225 3475 Auem-

162 3507 274 3554 σιιιιιιι.
291 3503 369 3553 libri:
396 3505 446 3555 Ac.
463 3504 566 3556 Phara.
586 3509 615 3556 et
632 3506 712 3556 illum
728 3511 834 3558 meent.
863 3533 900 3545 -
924 3508 1223 3578 [tantumque-san-
1261 3564 1267 3574 ,

161 3590 275 3656 nmis]
296 3593 436 3655 adscripta
461 3592 617 3656 explicandi
643 3597 734 3657 gratia
756 3600 843 3648 verbo
872 3600 1103 3651 cruentissimam.
1132 3621 1167 3636 -
1197 3601 1225 3648 et

161 3681 351 3734 enutriens-
363 3684 494 3733 numum.
512 3685 607 3733 coda:
633 3686 662 3734 et
677 3683 794 3736 consilio
812 3686 888 3738 inter
904 3702 934 3738 se
960 3690 1015 3742 duo
1038 3687 1109 3750 reip.
1127 3685 1226 3749 capito

161 3767 353 3836 effossumque.
370 3773 457 3820 miuus
473 3772 653 3834 probabiliter
671 3773 712 3822 ed.
731 3774 829 3839 bach,
855 3779 978 3837 quamvis
995 3773 1228 3836 amnpuiannbm

47 3889 52 3895 -
115 3871 119 3880 ¹
161 3858 230 3908 viris
248 3861 355 3910 doctis:
383 3862 413 3910 et
430 3859 549 3929 colliso,
565 3863 666 3911 ceteris
684 3863 839 3914 immutatis.
863 3888 900 3902 —
926 3861 1225 3929 quam-otnnteret,

161 3947 261 4010 vulgo:
280 3961 364 4015 qaam
380 3949 410 3998 in
422 3961 515 4000 cornea
532 3952 642 4016 partae,
659 3953 692 4001 nt
707 3951 829 4002 mihtora'
841 3955 870 4002 et
885 3951 971 4002 aerbo
982 3952 1011 4000 et
1027 3951 1224 4004 emmanue

162 4032 245 4102 utar,
274 4037 340 4089 dim.
359 4039 510 4088 Vasconum
529 4041 558 4088 et
574 4038 638 4089 alii:
669 4052 752 4104 qaam
768 4043 801 4090 at
816 4040 845 4090 in
860 4053 884 4089 o.
904 4051 932 4099 p.
950 4036 1112 4090 vomouiuu
1130 4037 1225 4092 Parce

163 4122 316 4189 amioum,
341 4127 465 4180 iau-nm
483 4128 518 4178 ιι
536 4129 717 4178 aanoerente
733 4127 816 4177 amru
832 4127 947 4190 parta,
966 4123 1104 4176 unnexn
1122 4129 1224 4178 saner·
1288 4169 1290 4174 .
1356 4109 1359 4120 ⁴

163 4201 247 4255 sem·
273 4214 396 4276 cleffluti
412 4217 503 4265 autam
520 4214 594 4266 vell.
613 4216 750 4266 brevitate
779 4213 847 4262 dixit
870 4211 963 4264 Parce
989 4225 1040 4275 pro
1065 4215 1223 4268 amantea

162 4287 255 4345 Parce
273 4314 435 4360 praecones.
467 4327 500 4338 -
529 4302 659 4355 viatoria.
676 4303 769 4352 corin:
787 4301 952 4363 alcior-iens,
970 4313 1075 4363 exque
1096 4306 1223 4356 iecerunt
