2998 4896
254 380 302 456 10
707 407 866 460 vsunsu

252 550 443 617 immortates
463 559 699 632 praestosum,
728 562 778 630 ut,
800 559 829 613 st
847 557 918 630 osia
934 548 1216 616 minimuum
1237 577 1316 634 ope-

252 655 341 711 rtdus
363 669 403 711 oo
417 654 571 726 fortunae
590 670 681 730 tuoe,
703 658 737 712 in
756 658 857 728 ipsum
874 660 982 730 potius
1000 661 1157 717 meotruu
1174 674 1270 734 quom
1282 665 1315 720 tn

252 769 319 812 reu
335 756 499 830 pudttoora.
540 750 631 830 Quae
650 767 733 836 uox,
765 752 863 814 veluti
886 754 1013 818 oraoulo
1037 755 1171 838 emissa,
1200 773 1318 841 magna

251 871 324 915 eum
351 862 441 934 parte
468 854 615 935 spoliavit
638 853 805 936 sanguinis
830 852 893 914 sui:
930 873 1002 920 nam
1025 857 1155 920 alterum
1184 875 1226 920 ex
1255 859 1316 946 iris,

250 971 331 1036 quos
350 954 382 1016 in
407 953 522 1016 lamilia
550 955 735 1036 retinuerat,
762 953 885 1039 liberis,
913 963 985 1017 ante
1011 975 1133 1036 peuoos
1162 959 1316 1044 triumphi,

250 1056 380 1118 altemm
410 1064 483 1136 post
514 1058 681 1138 pauciores
708 1058 812 1121 amisit
839 1056 919 1120 dies.
963 1056 1092 1137 Aspera
1120 1059 1207 1122 eirea
1235 1061 1316 1124 haee

249 1164 392 1237 tempora
421 1175 559 1221 censura
587 1159 692 1222 Fulvii
727 1158 836 1222 Flaooi
871 1167 904 1219 ot
930 1158 1084 1221 Postumii
1114 1160 1221 1224 Albini
1246 1159 1315 1224 tuit:

252 1258 367 1339 qidppe
387 1257 491 1320 Fulvii
508 1259 783 1341 constristetur,
804 1268 836 1320 et
849 1258 974 1341 quidem
994 1277 1144 1343 consors,
1164 1260 1222 1324 Cn.
1238 1262 1323 1326 dub

250 1359 342 1444 vius,
361 1370 474 1424 senatu
493 1371 597 1422 motus
616 1367 667 1420 est
688 1357 742 1437 [sb
762 1359 802 1420 iis
819 1359 1033 1440 oensorinusl.

199 1465 239 1528 ll
326 1461 405 1521 Post
422 1461 540 1522 vietum
563 1468 752 1541 captumque
773 1460 915 1547 Porsen,
948 1461 1001 1544 qui
1021 1461 1223 1542 quadriennio
1241 1473 1315 1544 post

249 1559 281 1621 in
299 1556 398 1620 libera
412 1559 556 1623 ousiadis
567 1559 671 1622 Albae
686 1559 845 1643 deuouit,
865 1565 1162 1644 Pseudoptitippua,
1184 1580 1203 1624 a
1219 1581 1314 1626 men-

248 1659 339 1724 daoio
366 1662 530 1724 simulatae
550 1661 682 1744 originis
703 1663 878 1744 appellatus
904 1662 975 1744 (qui
1002 1681 1039 1725 ιο
1058 1662 1233 1746 Philippum
1258 1683 1314 1726 ra-

247 1763 385 1845 giaequo
406 1763 512 1844 stirpis
537 1761 674 1847 ferebat,
707 1781 780 1828 eum
800 1763 1069 1847 emmelinae),
1098 1765 1194 1827 ermis
1213 1781 1311 1828 odou-

247 1874 321 1945 pata
338 1863 543 1949 Maoedonia,
564 1867 714 1928 assumtis
735 1866 826 1948 regni
846 1865 1040 1948 insignibus,
1071 1863 1160 1927 brevi
1185 1865 1315 1928 temeri·

246 1967 321 2029 tatis
346 1983 468 2047 poenas
494 1965 585 2030 didit:
624 1966 741 2047 quippe
764 1964 804 2043 Q.
830 1965 981 2028 Metellus
1011 1973 1154 2047 praetor,
1188 1969 1238 2028 oui
1270 1983 1313 2028 ex

246 2067 362 2130 virtute
382 2065 584 2128 Maoedonioi
606 2084 720 2128 nomen
741 2064 871 2129 inditum
894 2075 980 2152 erat,
999 2067 1160 2149 praeclara
1180 2066 1311 2142 victoria

245 2169 349 2250 ipsum
378 2175 571 2248 gentemque
599 2167 776 2254 superavit,
807 2176 839 2231 et
868 2168 994 2230 immani
1023 2168 1117 2231 etiam
1143 2165 1313 2254 Achaeos,

244 2268 398 2332 rebellare
417 2268 620 2351 incipientes,
651 2267 730 2331 indit
750 2269 830 2332 aeia.
868 2269 931 2332 llio
954 2279 1005 2332 est
1026 2270 1177 2334 Metellus
1195 2268 1312 2331 Maea-

243 2369 438 2456 emuniens,
460 2370 513 2447 qui
532 2370 689 2452 portione,
710 2387 792 2453 quae
812 2369 936 2433 fuerunt
956 2364 1167 2433 etreumdaue
1188 2367 1312 2432 duabus

243 2470 376 2534 aedibus
396 2472 466 2534 sino
488 2472 690 2552 inseriptione
706 2471 828 2557 positis,
848 2471 949 2552 (nune
966 2471 1122 2536 Octaviae
1139 2469 1317 2553 porticibus

150 2626 153 2632 .
244 2571 452 2658 ambiuntur)⁷
470 2571 607 2653 ieeorat3
629 2575 745 2657 quique
767 2573 849 2637 hano
870 2583 1002 2637 turmam
1021 2583 1191 2638 statuerem
1207 2591 1311 2655 eque·

245 2673 371 2755 sirium,
391 2689 472 2753 quae
492 2670 625 2733 frontem
645 2674 769 2736 aedium
789 2683 945 2760 speetant,
965 2674 1123 2756 hodieque
1142 2674 1311 2736 maximum

244 2782 458 2838 ornamentum
475 2773 545 2834 eius
559 2773 636 2858 looi,
656 2789 698 2834 ex
710 2774 900 2838 Maeedonia
915 2773 1033 2839 detulit.
1075 2774 1175 2837 Cuius
1188 2782 1309 2835 turmae

244 2876 328 2938 huno
348 2891 478 2938 oausam
496 2873 650 2954 referunt:
676 2891 824 2954 magnum
847 2873 1063 2936 Alexandrum
1083 2874 1273 2955 impetrasse
1290 2892 1311 2937 a

243 2976 407 3060 ltysippo‚
427 2976 579 3058 singulari
598 2975 702 3038 talium
721 2983 849 3038 enotare
869 2993 1014 3062 operum,
1033 2983 1193 3038 uteorum
1217 2975 1309 3057 eqni·

148 3111 149 3118 κ
244 3087 326 3160 tum,
356 3077 471 3160 quiex
497 3077 598 3159 ipsius
620 3085 721 3139 turma
742 3076 826 3159 apud
846 3073 1019 3140 Granieum
1043 3077 1158 3140 flumen
1179 3075 1311 3139 oeoide-

244 3187 328 3264 rant,
349 3195 506 3260 expressa
528 3178 726 3243 similitudine
748 3177 939 3259 figurarum,
967 3178 1087 3242 faeeret
1113 3186 1249 3262 statuas,
1278 3186 1311 3240 et

244 3280 345 3362 ipsius
365 3296 490 3363 quoque
509 3279 549 3341 iis
568 3279 788 3360 interponeret.
826 3279 890 3341 nie
907 3279 1011 3360 idem,
1031 3279 1150 3359 primus
1172 3279 1306 3342 omnium

244 3380 366 3445 Romae
385 3380 498 3442 aedem
518 3397 561 3442 ex
579 3397 734 3441 marmore
744 3380 775 3440 in
793 3379 834 3442 iis
853 3380 933 3460 ipsis
952 3379 1162 3442 monumentis
1173 3381 1309 3464 molitus,

231 3485 315 3556 *ejus
330 3483 383 3545 vel
395 3481 649 3566 magnificentiae
663 3480 717 3542 vel
733 3480 874 3543 luxuriae
887 3480 1036 3568 priuoeps
1050 3479 1116 3544 fuit.
1135 3480 1202 3544 Vix
1215 3482 1308 3545 ullius

246 3585 372 3672 gentis,
392 3583 521 3666 aetatis,
542 3582 676 3666 ordinis,
695 3581 851 3645 heminam
870 3582 1046 3666 inveneris,
1066 3583 1157 3646 ouius
1173 3582 1307 3646 ielieita-

317 3804 359 3856 11.
394 3805 459 3857 eius.
487 3804 519 3853 lt.
537 3805 566 3852 iu
584 3815 660 3868 anm,
679 3807 723 3854 oui
752 3805 799 3854 llr.
820 3805 1033 3867 obtemperavit:
1058 3803 1146 3856 dutus.
1164 3805 1213 3853 sed
1230 3802 1308 3852 veri-

247 3890 336 3942 simile
357 3898 416 3958 est,
440 3891 498 3944 uus
514 3893 639 3942 haustum
654 3903 716 3941 esse
735 3893 770 3942 ab
786 3891 870 3944 -itus
891 3892 988 3956 simili,
1023 3894 1093 3955 quod
1110 3892 1257 3942 auteoedlt.
1274 3913 1309 3924 -·

248 3989 300 4030 nee
317 3993 405 4033 umes.
423 3993 565 4046 perperam
583 3980 669 4031 liner:
695 3983 724 4030 et
740 3993 830 4032 aereo.
847 3981 915 4032 lmud
934 3981 1014 4032 dubia
1032 3982 1100 4030 dtolt
1114 3978 1221 4032 Metelli
1235 3989 1308 4028 eon·

249 4067 388 4118 tentiones
403 4084 459 4122 nora
481 4071 598 4124 morter
615 4065 687 4130 (cio.
706 4070 739 4118 de
757 4069 808 4119 Off.
827 4069 858 4134 1,
875 4068 941 4136 td„
960 4073 990 4118 et
1006 4071 1040 4120 de
1058 4069 1143 4119 Aulo.
1162 4066 1221 4124 et.)
1247 4077 1306 4118 out!

250 4155 380 4220 Scipione
395 4157 555 4210 Aemiliano.
573 4171 602 4207 v.
617 4158 649 4208 m

319 4243 363 4293 is.
398 4244 438 4296 is.
456 4247 564 4298 betium.
582 4249 672 4298 addidi
690 4258 838 4310 pronomen
854 4247 1038 4298 neeessariam
1050 4248 1212 4298 sermatiae.
1230 4245 1266 4295 ot.
1282 4244 1307 4293 l.

250 4357 283 4372 -
311 4332 427 4398 impulit.
453 4333 623 4397 ineleganter
640 4338 715 4388 oodd.
742 4335 845 4399 intulit
887 4338 1013 4388 [tuumne
1031 4335 1063 4402 d,
1091 4333 1165 4385 esu:
1195 4333 1309 4398 mustei
