2998 4896
232 342 280 419 lt
685 369 846 420 vnnnsrr

231 495 355 574 virtirtis
384 519 632 597 mouumentum,
669 512 751 593 quod
785 512 885 573 fuerat
915 511 967 572 avi
997 510 1064 572 eius
1093 511 1293 578 clementino.

232 609 392 696 Carthago
407 611 508 674 diruta
527 622 588 696 est,
608 629 679 674 cunr
699 612 842 674 stetisset
859 611 949 676 annis
968 610 1160 695 DCerVII,
1180 613 1295 679 abhinc
1314 632 1320 644 ‘

231 731 331 776 annos
350 713 553 795 ¹(llaXXVIl7
573 713 632 775 Cn.
653 710 800 774 Cornelio
820 712 964 796 bertulo,
984 712 1020 772 h.
1032 711 1181 775 Mummio
1196 713 1292 777 Coss.

230 817 326 878 Hunc
347 815 442 876 finem
461 815 567 876 habuit
585 812 725 876 Romani
737 811 858 891 imperii
878 811 1039 894 Carthago
1058 815 1195 898 aemula,
1221 834 1293 878 cum

232 935 295 998 qua
313 917 429 978 bellare
448 917 585 977 maiores
605 914 704 976 nostri
724 929 861 993 coepere
881 911 1012 974 Claudio
1033 913 1186 976 etllulvio
1197 915 1292 980 Coss·

231 1027 304 1080 autc
339 1035 439 1080 annos
468 1015 635 1102 coxon,
675 1034 767 1098 quam
792 1023 840 1097 tu,
870 1013 916 1074 M.
944 1013 1066 1095 Vinici,
1100 1019 1292 1081 consulatum

230 1119 338 1180 inires.
377 1120 424 1180 lta
448 1137 507 1200 per
529 1136 628 1195 annos
649 1117 743 1182 CXV
773 1125 825 1178 aut
843 1114 956 1176 bellum
976 1114 1056 1176 inter
1076 1135 1134 1178 eos
1153 1120 1293 1201 populos,

231 1228 284 1282 aut
304 1220 375 1312 lrelli
393 1221 609 1302 praeparatio,
636 1226 688 1279 aut
706 1215 802 1277 infida
820 1231 884 1296 pax
903 1214 975 1295 iuit3
995 1234 1099 1297 neque
1124 1219 1163 1278 sa
1182 1219 1295 1306 Roma,
1383 1277 1386 1286 ,

231 1322 292 1384 iam
320 1331 473 1385 terrorum
499 1321 574 1383 orbe
607 1325 771 1398 superato,
811 1334 956 1378 securam
979 1318 1128 1398 speravit
1149 1318 1234 1402 iore,
1268 1323 1297 1384 si

232 1441 346 1484 nomen
364 1439 499 1503 usquam
519 1418 630 1480 stantis
650 1420 791 1478 maneret
812 1416 1024 1498 cartilaginis.
1054 1418 1164 1481 'Adeo
1190 1420 1295 1484 odium

232 1519 453 1584 certaminibus
473 1527 573 1581 ortum
592 1519 671 1580 ultra
691 1527 807 1580 metum
828 1518 926 1601 durat,
946 1527 979 1580 et
997 1537 1037 1580 ue
1057 1519 1088 1581 in
1106 1520 1201 1583 victis
1223 1524 1295 1602 qui-

232 1622 305 1685 dem
325 1620 502 1702 deponitur3
536 1638 639 1702 neque
670 1628 743 1683 ante
769 1619 905 1682 invisum
927 1619 1062 1683 invisum
1083 1639 1161 1684 esse
1180 1621 1294 1684 desinit

234 1741 327 1806 quam
346 1739 434 1786 esse.

183 1835 224 1903 13
308 1826 397 1887 Ante
415 1825 596 1906 triennium,
629 1843 720 1905 quam
749 1824 909 1906 Carthago
937 1823 1108 1906 deleretur,
1129 1825 1183 1885 Μ.
1203 1825 1294 1907 Cato,

151 1948 155 1968 ·
232 1917 404 2007 perpetuus
424 1923 594 1987 diruendae
613 1925 824 2006 einstensi,
843 1925 879 1986 Ia
896 1924 1095 2006 Censorino,
1114 1924 1160 1985 Μ.
1178 1927 1295 1989 Manlio

232 2026 347 2108 Coss,
367 2033 498 2086 mortem
519 2024 601 2086 obiit.
641 2024 762 2088 Eodem
781 2044 879 2110 anno,
900 2045 961 2109 quo
977 2024 1137 2106 Carthago
1151 2028 1295 2113 concidit,

232 2129 270 2188 h.
300 2125 471 2188 Mummius
498 2124 697 2211 Corinthum,
725 2135 798 2207 post
821 2145 920 2189 annos
944 2125 1168 2211 uccccun,
1203 2143 1295 2206 quarn

231 2228 270 2290 alt
288 2229 397 2312 Alete,
416 2227 563 2309 Hippotis
582 2226 665 2308 filie,
686 2236 753 2288 erat
772 2227 913 2313 condita,
933 2225 1071 2289 funditus
1090 2228 1179 2289 eruit.
1198 2226 1296 2289 Uter·-
1327 2287 1330 2291 .

232 2349 294 2413 que
320 2331 503 2412 imperator·q
535 2329 683 2392 devictae
717 2347 793 2390 ase
808 2383 809 2388 ,
823 2328 929 2411 gentis
959 2328 1082 2389 nomine
1115 2328 1295 2410 honoratus,

232 2433 309 2495 alter
327 2431 515 2514 Africanus,
536 2432 613 2494 alter
636 2431 809 2513 appellatus
834 2438 885 2492 est
906 2429 1088 2506 Achaicum
1121 2447 1184 2492 nec
1204 2413 1295 2513 [puis-

202 2607 204 2616 X
233 2549 324 2613 quam
341 2548 387 2592 ex
406 2532 499 2591 novis
520 2521 695 2594 hominibus
715 2533 800 2614 prior
815 2530 967 2594 Mummio
987 2549 1164 2613 cognomen
1181 2533 1296 2594 virtute

231 2640 351 2712 portum
370 2630 552 2692 vindicavit.
591 2631 720 2693 Diversi
744 2633 982 2714 imperatoribus
1012 2650 1135 2717 mores,
1168 2632 1298 2693 diversa

231 2729 453 2794 firere'studia.
507 2728 632 2818 Quippe
652 2731 760 2811 Scipio
788 2741 850 2799 tam
879 2733 1011 2813 elegans
1036 2732 1205 2794 liberalium
1226 2740 1297 2795 stu·

234 2831 354 2895 diorum
373 2831 537 2915 omnisque
557 2831 718 2894 doctrinae
741 2840 773 2892 et
793 2839 902 2893 auctor
921 2840 954 2893 et
973 2832 1138 2895 admirator
1163 2831 1235 2911 tuit,
1264 2841 1298 2896 ut

233 2933 398 3013 Polybium
416 2933 680 3016 Panaetiumque‚
700 2932 930 3013 praecellentes
949 2932 1076 3013 ingenio
1095 2934 1194 3020 viros,
1215 2933 1297 2996 domi

234 3034 422 3116 militiaeque
449 3053 560 3098 secum
587 3034 738 3098 habuerit.
783 3035 900 3117 Neque
926 3035 1007 3098 enirn
1039 3037 1203 3118 quisquam
1237 3037 1298 3098 hoc

166 3141 168 3146 '
235 3135 386 3215 Scipione
415 3136 591 3216 elegantius
619 3136 782 3199 intervalla
810 3137 1004 3219 negotiorum
1034 3138 1096 3198 otio
1128 3135 1297 3222 dispunxi,

236 3255 424 3318 semperque
444 3247 497 3300 aut
516 3237 587 3299 belli
607 3247 659 3299 aut
678 3239 767 3317 pacis
786 3237 898 3300 serviit
914 3238 1050 3300 artibus:
1077 3254 1204 3318 semper
1217 3238 1297 3300 inter

235 3355 322 3400 arma
340 3354 380 3399 ac
403 3337 506 3400 studia
531 3347 694 3423 versatus,
714 3346 766 3400 aut
786 3355 900 3418 corpus
919 3337 1077 3420 periculis,
1097 3339 1297 3401 antoninum

237 3438 410 3521 disciplinis
435 3439 588 3500 exercuit.
633 3439 804 3501 Mummius
829 3447 891 3500 tam
920 3439 1007 3500 rudis
1034 3438 1106 3521 tuit,
1139 3448 1173 3501 ut
1205 3449 1298 3520 capta

237 3540 402 3625 Corintho,
421 3557 493 3602 cum
508 3538 713 3612 maximarum
733 3540 883 3602 artificum
903 3539 1062 3620 periectas
1082 3539 1224 3602 manibus
1245 3548 1297 3600 ta·
1333 3559 1335 3570 ·

236 3640 325 3705 bulas
345 3648 522 3705 aceneres
542 3640 572 3701 in
592 3640 711 3702 ltaliam
729 3641 896 3722 portandas
916 3641 1044 3724 locaret,
1062 3640 1183 3703 iuberet
1200 3657 1298 3719 prae-

238 3844 317 3892 modo
336 3848 490 3909 crearetur,
519 3857 579 3897 curn
597 3845 736 3906 generalla
753 3846 790 3894 sit
806 3845 874 3894 iaec
889 3847 1032 3896 sententia.
1051 3846 1105 3894 imo
1122 3845 1163 3896 bis
1182 3843 1297 3904 positam

239 3927 375 3993 avelleio
391 3937 507 3984 maxima
524 3944 583 3984 curu
600 3932 720 3994 emptast
737 3945 834 3983 vocam
852 3932 970 3984 incisam
987 3932 1075 3982 altero
1089 3930 1153 3980 loco
1170 3930 1298 3982 lrtrartus

240 4017 340 4081 omisit,
358 4030 426 4080 quae
443 4035 526 4085 saepe
544 4022 597 4072 fult
615 4021 673 4070 eius
691 4011 801 4082 generis
818 4022 952 4071 lromirrum
971 4021 1107 4070 oscitatio.
1126 4023 1166 4077 (v.
1183 4007 1311 4081 &lim

241 4105 325 4158 orato
341 4105 480 4169 glossema
498 4114 557 4174 est;
589 4111 658 4173 quod
677 4107 724 4158 val
742 4121 776 4158 ex
793 4111 896 4160 nutam
914 4111 1036 4171 tempore
1054 4109 1133 4159 verbi
1149 4105 1297 4168 intelligas.

241 4197 363 4244 ceterum
392 4194 523 4246 eiusmodi
547 4201 636 4250 odium
654 4197 839 4259 inexplicabili
857 4199 937 4247 modo
962 4197 1143 4246 inveteratum
1162 4195 1299 4248 Martialis

240 4282 394 4348 fignificat,
425 4292 484 4344 oum
501 4285 568 4336 dicit
591 4287 684 4350 epigr.
703 4286 734 4350 1,
753 4285 815 4336 ³2:
845 4285 875 4335 N
881 4300 922 4336 aa
940 4287 1079 4351 amoto,
1108 4285 1220 4350 seneli,
1248 4297 1299 4334 noa
