2998 4896
584 417 871 476 xrrrs'n...1,1
1265 405 1289 475 5

228 569 363 651 Cymen,
383 569 556 652 Larissam,
569 567 738 650 Myrinam,
751 567 999 652 Mytilenenque,
1016 579 1048 633 et
1060 572 1138 633 alias
1149 572 1288 682 [urbes],

227 687 309 754 quae
333 671 460 732 suntin
478 667 586 730 Lesbo
606 669 716 730 insula
1280 723 1287 732 ,

301 770 518 834 Clarissimum
550 767 663 829 deinde
692 769 821 830 Homeri
854 772 993 834 illuxit'
985 774 1159 859 nrgeuium,
1201 775 1316 853 [siuu5

224 873 371 952 exemplo
387 869 586 952 maximum,]
606 887 658 950 qur
650 870 885 953 magnitudine
904 875 1009 954 operis
1022 883 1055 936 et
1069 875 1191 955 fulgore
1211 894 1286 938 car-

224 974 340 1034 minum
358 971 447 1031 solus
463 970 610 1050 appellari
623 976 723 1030 Poeta
740 973 862 1035 meruit.
902 975 937 1036 ln
961 993 1022 1056 quo
1042 975 1103 1038 boc
1119 977 1286 1040 maximnm

224 1083 291 1154 est,
317 1070 399 1152 quod
417 1089 520 1151 noque
547 1079 619 1132 anto
642 1071 744 1156 illum,
777 1090 870 1153 quam
889 1075 941 1136 ille
967 1077 1154 1161 imitaretur,
1168 1085 1288 1159 'neque

223 1181 296 1255 post
314 1171 415 1249 illum,
444 1172 496 1253 qui
516 1190 588 1233 eum
607 1171 719 1234 imitari
738 1182 867 1258 posset,
895 1176 1043 1239 inventus
1064 1186 1124 1240 est.
1165 1179 1287 1260 ¹Neque

175 1315 177 1322 ι
226 1290 403 1354 quenquam
424 1273 530 1352 alium,
552 1273 643 1336 ouius
662 1274 768 1353 operis
787 1274 907 1352 primus
927 1285 1035 1338 auctor
1057 1277 1164 1356 luerit,
1190 1280 1221 1338 in
1248 1299 1287 1340 eo
1370 1329 1371 1336 ,

224 1373 488 1454 perfectissimum
511 1383 636 1454 praeter
654 1374 824 1436 Humerum
844 1382 876 1436 et
898 1369 1123 1440 Archilocl'rum
1144 1380 1287 1459 reperie-

223 1492 305 1536 mus.
352 1475 415 1536 Hic
446 1475 571 1556 longius
599 1493 620 1534 a
649 1475 842 1555 temporibus
869 1474 957 1555 belli,
991 1474 1073 1555 quod
1100 1463 1286 1556 composuit,

223 1574 342 1652 Troici,
364 1593 455 1658 quam
475 1573 598 1658 quidam
614 1585 734 1657 rentur,
755 1575 864 1638 abfuit:
884 1595 956 1637 uam
974 1571 1073 1636 lernie
1094 1584 1165 1637 aute
1185 1594 1285 1638 annus

224 1674 402 1739 DGGCCL
420 1675 536 1758 floruit,
564 1676 644 1738 intre
667 1677 750 1738 mille
772 1685 864 1739 natus
888 1686 953 1756 est3
987 1695 1049 1758 quo
1069 1678 1192 1738 nomine
1223 1695 1285 1738 non

223 1785 274 1838 est
293 1775 484 1872 mirandum,
517 1776 600 1858 quod
628 1794 727 1857 saepe
750 1777 825 1838 illud
849 1785 979 1857 usurpat
1002 1771 1070 1840 οἶοι
1091 1778 1150 1840 νῦν
1165 1775 1285 1858 βροτοί

221 1878 331 1940 εἰσιν.
356 1877 427 1938 Hoc
453 1878 589 1940 enimut
604 1877 787 1963 homiuum,
807 1877 849 1939 ita
871 1879 1048 1939 seculorum
1074 1886 1195 1940 notatur
1222 1877 1285 1938 dil-

174 1991 185 2002 ·
220 1976 361 2040 terentia
400 1975 504 2054 Quem
537 1978 565 2039 si
589 1978 660 2062 quis
691 1996 823 2041 caecum
846 1980 1002 2061 genitum
1011 1987 1113 2066 putat,
1142 1978 1286 2041 omnibus

226 2078 372 2140 sensibus
394 2079 488 2141 orbus
505 2087 566 2141 est.
1339 2087 1342 2094 “

296 2179 480 2261 Insequenti
505 2188 647 2261 tempore
675 2180 839 2261 imperium
866 2181 1043 2244 Asiaticum
1069 2179 1109 2240 ab
1126 2180 1317 2263 Assyriis,d

220 2279 321 2368 quiid
342 2280 536 2343 obtinuerant
551 2283 642 2342 anuis
665 2282 811 2366 Muxx,
830 2282 1012 2344 translatum
1035 2289 1086 2342 est
1105 2281 1144 2342 ad
1158 2281 1286 2364 Medea,

218 2380 333 2444 abhinc
362 2400 443 2443 anno
470 2381 572 2445 lerme
600 2327 822 2446 DCCCthi,
878 2379 1001 2462 Quippe
1029 2380 1286 2464 Sardanapalum,

220 2500 337 2543 eorum
349 2501 474 2563 regem,
505 2475 641 2544 mollitiis
665 2483 814 2545 fluentem
843 2489 875 2542 et
904 2481 1030 2543 nimium
1056 2480 1186 2542 felicem
1204 2481 1285 2542 malo

219 2599 296 2665 ruo,
316 2582 407 2644 tertio
427 2590 460 2644 et
479 2583 639 2645 tricesimo
661 2584 732 2644 loco
750 2583 790 2643 ab
813 2582 899 2644 Nino
922 2590 955 2644 et
980 2580 1205 2661 Semiramide,
1233 2581 1285 2662 qui

218 2682 382 2765 Babylona
407 2682 626 2765 condiderant,
661 2693 783 2764 nauum,
814 2684 857 2744 ito
892 2691 926 2744 ut
955 2701 1082 2763 semper
1112 2699 1285 2744 successor

219 2783 311 2862 regni
336 2783 457 2864 paterni
476 2783 557 2846 foret
576 2783 676 2866 filius,
704 2785 851 2847 &buces
870 2783 988 2846 Medus
1005 2782 1136 2864 imperio
1157 2783 1283 2864 vitaque

217 2885 365 2966 privavit.
408 2885 457 2946 Ea
485 2895 588 2948 aetate
617 2886 812 2947 clarissimus
838 2883 927 2948 Graii
957 2885 1090 2946 nominis
1110 2884 1284 2965 {lycurgus

217 2983 508 3062 Lacedaemonius,
544 2986 594 3046 vir
622 2988 752 3069 generis
786 2987 886 3068 regii,
919 2985 977 3047 fuit
1007 2985 1283 3047 severissimorum

217 3086 522 3166 iustissimorumque
542 3087 650 3168 legum
669 3096 794 3168 auctor,
825 3094 857 3148 et
876 3077 1068 3166 disciplinae¹
1086 3087 1282 3148 couvenien-

219 3188 361 3250 tissimue
382 3186 459 3247 viru
479 3187 638 3267 inventor3
659 3205 749 3249 curus
768 3186 913 3268 quamdiu
933 3186 1048 3266 Sparta
1065 3186 1200 3270 diligens
1217 3187 1283 3273 brit,
1384 3239 1387 3247 ,

217 3288 441 3351 excelsissime
469 3288 580 3349 floruit.
629 3289 700 3352 Hoc
731 3297 833 3350 tractu
859 3293 1056 3372 temporum,
1080 3297 1152 3351 anta
1184 3307 1285 3350 anuos

216 3390 356 3472 quinque
376 3397 407 3450 et
426 3390 614 3472 sexaginta,
635 3407 727 3470 quam
752 3388 826 3451 urbs
854 3387 998 3450 Romana
1021 3389 1223 3472 conderetur,
1244 3388 1282 3448 ab

215 3490 326 3552 Elissa
347 3490 460 3570 Tyria,
480 3508 571 3571 quam
593 3490 716 3572 quidam
736 3489 816 3551 Dido
832 3477 1006 3575 eutumant,
1028 3489 1188 3572 Carthago
1202 3507 1282 3551 con-

214 3591 307 3655 ditur.
348 3589 442 3653 Circa
469 3590 551 3672 quod
578 3600 702 3672 tempus
729 3589 891 3675 Carnarius,
924 3589 989 3670 [vir
1014 3592 1144 3672 generis
1174 3588 1281 3670 regii]

214 3683 495 3758 sextusdecimus
515 3692 553 3752 ab
573 3692 731 3772 Hercule,
747 3679 908 3773 profectus
924 3693 1039 3774 Argis,
1060 3708 1192 3772 regnum
1204 3689 1281 3750 Ma-

286 3898 314 3944 t.
351 3892 429 3956 [eine
448 3907 492 3944 em.
509 3895 689 3974 mouimprmJ
718 3897 909 3958 interpretatio
928 3897 1110 3958 proximorum
1129 3893 1280 3958 verborum,

214 4000 294 4052 quam
314 3985 345 4034 et
362 3985 528 4034 antecedens
547 3982 735 4040 clariorimum
752 3986 857 4048 arguit,
875 3987 904 4034 et
920 3993 1035 4044 sequens
1052 3978 1210 4030 mambrem

284 4073 311 4123 6.
348 4070 421 4122 vitto
438 4073 538 4122 dictum
556 4070 741 4138 ἐμφατικῶςι
759 4076 821 4137 viri,
840 4075 864 4122 sl
882 4073 927 4134 qui
940 4069 1005 4129 alli,
1023 4069 1157 4130 spartam.
1176 4072 1277 4123 codex:

127 4182 130 4189 ·
214 4165 260 4214 cir
270 4199 279 4228 ,
296 4162 369 4225 quod
390 4160 490 4223 friget3
508 4163 541 4210 N.
560 4162 702 4212 lleinslus:
720 4161 838 4226 virtuti,
856 4161 927 4221 quod
946 4158 1062 4206 nimium.
1089 4157 1171 4207 facile
1188 4153 1278 4208 oir‘t·

214 4252 316 4302 centor
344 4249 444 4300 abierit
468 4251 497 4298 iu
521 4248 696 4313 obtuentur,
724 4249 851 4311 neglecto
878 4247 1036 4306 compendio
1062 4243 1115 4296 rori
1131 4268 1167 4282 -
1182 4245 1215 4295 ie.
1243 4270 1279 4282 -

214 4340 313 4392 sectus
331 4336 461 4392 ἀοιιιιιιιι.
501 4339 563 4387 lin:
589 4337 757 4390 undecimus.
784 4349 810 4383 v.
827 4333 860 4386 R.
881 4336 923 4398 et,
950 4346 1016 4396 quos
1042 4334 1177 4396 laudarit,
1205 4333 1278 4386 sord
