2998 4896
238 344 283 424 iti
436 389 441 397 ,
687 367 846 420 urrunnu

237 524 269 578 et
295 522 469 595 temporum
496 521 528 572 et
554 509 748 592 profectuum
772 520 876 576 semet
897 511 965 591 ipsa
996 511 1035 572 ab
1059 511 1128 574 aliis
1158 529 1294 595 separa-

165 633 167 640 ’
236 607 373 677 verunt‘l
420 613 508 693 Una,
547 628 651 695 neque
675 613 841 675 multorum
867 629 1013 674 annonun
1048 613 1148 708 spatio
1180 614 1296 695 dimna,

237 724 326 778 aetas
345 734 402 796 per
422 714 518 776 divini
535 713 662 795 spiritus
680 711 769 775 viros
791 714 993 792 Aeschylum,
1015 717 1201 794 sopioolem,
1223 720 1304 780 iio-r
1380 719 1382 726 “

235 823 379 896 renen,
399 815 566 878 illustravit
585 811 783 897 uagoeoias3
803 811 871 872 una'
884 814 1021 892 prisoam
1043 814 1124 876 illam
1145 825 1176 877 et
1197 824 1294 878 vete-

236 935 303 979 rem
327 917 384 980 sub
403 921 548 991 Cratino,
568 917 778 990 Aristophane
805 920 838 976 at
859 918 1011 988 Eupolide
1029 915 1233 997 comoediam3
1262 926 1295 1002 at

237 1036 350 1080 novam
387 1016 572 1095 [eomioam]
594 1021 809 1086 Menandros
838 1013 1051 1096 aequalesque
1085 1017 1155 1078 eius
1184 1019 1296 1080 aetatis

236 1104 342 1201 magis
354 1137 446 1200 quam
460 1117 584 1201 operis,
603 1122 740 1180 Plrilento
760 1134 799 1178 ae
821 1119 983 1193 viperina,
1005 1125 1037 1177 et
1050 1111 1203 1181 invenere
1218 1119 1296 1181 intra
1352 1121 1355 1128 '

236 1221 447 1302 pauoissimos
476 1237 593 1304 annos,
624 1236 730 1299 neque
758 1214 904 1277 imitanda
934 1215 1101 1297 reliquere.
1147 1219 1295 1282 Philoso-

235 1321 366 1403 phorum
390 1341 514 1404 quoque
537 1319 681 1401 ingenia,
710 1322 872 1378 Socration
897 1335 953 1383 ore
974 1315 1161 1401 defluentia,
1182 1329 1298 1401 quanto
1370 1394 1373 1400 Ι

236 1432 309 1504 post
327 1429 469 1484 Platonis
488 1423 728 1500 Aristotelesque
753 1425 885 1480 mortem
906 1417 1040 1478 floruere
1062 1411 1187 1500 spatio?
1215 1419 1299 1498 Quid

236 1527 513 1596 antemnates,
543 1517 616 1600 quid
642 1527 714 1600 post
733 1517 803 1579 eius
824 1517 982 1580 auditores
1003 1537 1172 1602 eorumque
1196 1519 1299 1583 (lisoi-
1395 1551 1405 1570 ι

236 1623 343 1703 pulos,
363 1621 480 1683 olerum
502 1620 534 1681 iu
564 1619 736 1682 oratoribus
761 1613 862 1681 fuitix
883 1620 976 1682 Adeo
1000 1619 1125 1702 quidem
1151 1621 1297 1708 omnium,

238 1740 318 1806 quos
338 1720 445 1804 [paulo
467 1721 555 1802 ante]
577 1722 850 1805 enumeravimus,
871 1739 985 1784 aevum
1001 1722 1297 1806 ortatumangustiis

237 1827 428 1908 temporum,
456 1832 491 1885 ut
509 1842 601 1886 nemo
620 1823 771 1887 memoria
791 1823 905 1906 dignus
925 1824 1003 1886 alter
1022 1821 1060 1883 ab
1080 1822 1177 1885 altero
1196 1822 1298 1886 videri

237 1924 443 2005 nequiverint.
1102 1949 1104 1954 ·

185 2033 226 2098 17
313 2025 429 2105 Neque
449 2023 511 2086 hoe
527 2012 566 2084 in'
580 2021 716 2088 Graeeis
737 2043 830 2107 quam
849 2026 881 2088 in
893 2025 1046 2087 Romanis
1066 2024 1299 2110 evenitmagis.

237 2126 337 2209 Nam,
357 2125 419 2188 nisi
438 2142 552 2206 aspera
571 2142 610 2187 ae
629 2125 719 2187 rudia
737 2135 863 2206 repetas
886 2134 918 2187 et
936 2127 1055 2189 inventi
1073 2124 1299 2190 laudandans·
1332 2179 1333 2186 ,

236 2228 330 2311 mine,
351 2227 383 2292 iu
395 2229 480 2289 Attio
495 2225 643 2309 eireaque
658 2245 729 2288 eum
747 2226 889 2289 Romana
906 2229 1068 2309 tragoedia
1082 2236 1146 2309 est3
1168 2227 1299 2290 ‹iulaes-
1318 2304 1320 2311 y

237 2349 299 2412 que
318 2329 403 2392 latini
428 2327 544 2410 leporis
568 2326 703 2391 facetiae
729 2347 786 2408 per
808 2331 976 2389 cointium
1004 2333 1244 2409 Tarentinosque
1268 2338 1301 2390 et

236 2433 407 2506 Afranium
426 2430 553 2511 suppari
573 2436 675 2493 aetate
695 2431 860 2491 nituerunt.
910 2428 1089 2491 Historioos
1109 2447 1234 2511 quoque
1251 2429 1302 2509 (ut

237 2539 269 2593 et
297 2537 421 2591 Livium
451 2531 589 2610 priorum
612 2532 727 2594 *aetati
747 2530 910 2610 adstruas)
937 2539 1063 2611 praeter
1094 2536 1241 2592 catonem
1268 2540 1301 2594 et

238 2627 390 2710 quosdam
411 2635 541 2690 veteres
561 2637 592 2690 et
611 2630 776 2717 obscuros,
796 2633 899 2696 minus
914 2633 1040 2695 LXXX
1052 2632 1142 2694 anuis
1160 2631 1301 2693 oirerun-

236 2877 742 2945 -Pirilosoplrornm-neqniverlnt.
757 2878 929 2930 ItaGroiiius
945 2881 972 2929 el
988 2879 1112 2930 nonnulli
1132 2883 1298 2945 subsequen-

213 2951 214 2954 *
238 2970 304 3018 tium
322 2970 464 3018 editorum.
482 2967 574 3032 Vulgo
593 2969 677 3018 verba
691 2967 1081 3021 omninno—enumeravimus
1092 2969 1222 3035 leguntur
1237 2973 1300 3033 poet

145 3039 147 3044 ¹
238 3056 397 3126 desinentia,
411 3060 439 3106 et
451 3062 572 3108 extrema
583 3058 660 3107 liuius
671 3057 768 3120 eapitis
780 3059 821 3106 sio
829 3058 943 3108 habeut:
961 3058 1039 3110 Adeo
1053 3059 1161 3126 quidem
1172 3061 1301 3110 artetum

238 3158 302 3211 ona.
321 3149 419 3214 temp„
442 3149 474 3198 nt
492 3150 560 3211 ete,
588 3149 683 3208 quibus
706 3146 738 3195 it
763 3148 869 3196 immitti
886 3147 967 3197 iussit
987 3149 1025 3198 Iri
1049 3151 1111 3199 ante
1130 3150 1209 3198 oleo.
1245 3148 1301 3197 Seri

238 3233 415 3284 verisimilior
437 3238 480 3286 est
502 3233 599 3285 Grollii
623 3236 696 3285 ratio
713 3235 908 3299 haustumque,
934 3237 1103 3297 arridetur,
1130 3249 1228 3286 awerm
1244 3239 1301 3288 ab·

239 3321 347 3387 naimo,
366 3325 437 3384 quod
454 3325 602 3386 praeeedit.

309 3409 351 3460 17.
387 3410 547 3463 Hiaiorleoa
565 3437 601 3448 -
618 3414 761 3464 adstrues.
788 3411 851 3462 libri
869 3411 961 3461 verbis
984 3412 1177 3476 transpositis,
1205 3411 1300 3476 quibus

231 3501 348 3572 ¹laborat
370 3494 512 3565 Vallejus‚
545 3504 573 3550 et
596 3502 702 3551 intruso
720 3499 901 3562 glossemate:
932 3497 1005 3548 illst.
1032 3499 1117 3550 etium
1143 3502 1171 3550 et
1187 3504 1219 3553 nt
1237 3503 1299 3551 bin.

240 3601 344 3656 quoqne
362 3601 406 3653 pr.
425 3603 451 3638 n.
472 3602 499 3637 n.
534 3591 628 3638 Burer.
647 3593 675 3638 et
693 3588 718 3637 it
735 3590 880 3638 suaserunt
897 3589 928 3637 ut
946 3589 988 3654 et,
1012 3590 1082 3637 berre
1098 3588 1220 3649 quidem3
1250 3588 1298 3636 red

240 3681 385 3738 praeterea
400 3677 579 3726 inducendum
596 3679 649 3727 luit
667 3677 766 3745 eliam,
784 3689 836 3738 quo
855 3677 882 3726 et
900 3675 1062 3737 explicatum
1082 3677 1133 3724 est.
1170 3671 1302 3736 Corrige-

240 3777 300 3814 mus
319 3768 347 3816 in
365 3771 521 3817 transcursu
539 3764 590 3814 iul.
610 3766 777 3828 Phaedrum,
795 3763 877 3814 simili
894 3763 990 3814 mendo
1007 3763 1132 3814 affectum
1151 3753 1257 3824 fabula,
1276 3763 1302 3810 si

241 3853 360 3904 fabulam
378 3854 517 3919 appellare
541 3851 627 3916 lieet,
653 3851 767 3916 e‚10.‚
794 3854 960 3915 otiosior,
987 3854 1106 3902 numeris
1136 3850 1301 3901 durissimis:
1389 3839 1391 3846 '

241 3940 320 3989 lineo
337 3943 384 4006 qni
399 3943 513 4011 nepooit
528 3954 630 4007 mnaso
643 3939 772 4003 enutriiio
784 3937 946 4008 homiiuibur
954 3954 963 4002 3
980 3939 1118 3990 fabulator
1128 3942 1218 3989 autern
1230 3939 1301 3986 seri-

242 4031 350 4092 pserat,
368 4033 478 4091 opinor:
497 4031 600 4097 Mopno
617 4031 686 4080 laec
702 4041 777 4080 eona.
795 4028 842 4095 qni
858 4041 917 4094 nep.
936 4029 1005 4078 lom.
1041 4028 1129 4090 iuvat,
1146 4028 1215 4075 hune
1230 4028 1302 4074 sori-

242 4122 361 4181 prorem,
393 4124 572 4182 purgatumst
593 4119 671 4170 noble
688 4121 752 4166 aute
772 4117 821 4166 lios
841 4114 877 4164 14
903 4126 1002 4177 anuos,
1028 4107 1100 4164 r'ruuo
1125 4115 1322 4185 perpurgatis

243 4207 319 4256 euius
336 4203 406 4267 quod
422 4210 486 4255 suut
504 4209 549 4268 qut
575 4208 706 4257 mirentur
733 4215 899 4266 praenomen
917 4201 1001 4269 Iulii,
1032 4213 1087 4251 ιιοιι
1114 4205 1201 4252 minus
1228 4203 1255 4254 iri
1275 4205 1302 4253 ei

242 4293 389 4344 eouveuire
409 4294 474 4354 puto
501 4304 579 4353 quara
602 4295 727 4360 Hygino,
751 4294 855 4358 pariter
875 4291 993 4355 Augusti
1013 4288 1128 4355 liberto,
1158 4293 1300 4355 potiusque
