2990 4894
604 327 707 400 ursp.
734 328 776 388 Ι..
800 329 860 398 11„
1204 304 1254 378 712

182 475 317 540 arbitrio.
357 470 481 554 Quippe
501 472 547 534 Μ.
563 471 681 552 Brutus
702 478 734 532 ot
750 468 788 532 C.
805 469 951 555 Cassius,
973 491 1054 534 nune
1071 429 1249 534 metuentes

182 589 268 642 arma
282 573 427 654 Antonii,
453 588 536 635 nune
555 569 595 632 ad
613 569 791 648 augendam
807 570 877 651 ejus
894 572 1043 658 iuvidiam
1065 575 1249 636 simulantes

181 695 218 738 se
238 685 389 757 metuere,
410 670 516 734 testati
537 668 660 752 edictis,
680 673 810 732 libenter
828 691 863 732 re
875 678 927 734 nel
943 680 1139 748 inperpetuo
1153 679 1249 734 aellio

181 785 337 853 viaturos,
362 781 436 836 dum
451 777 500 830 rei
519 775 663 846 publicae
679 783 840 834 constaret
858 781 1042 852 coneordio,
1070 781 1129 834 nee
1151 780 1250 836 ullam

180 883 251 940 lello·
272 881 371 940 mods
391 876 591 948 praebituros
619 878 798 938 materiam:
827 879 998 951 plurimum
1030 879 1089 934 siba·
1118 879 1249 960 nonoris

178 997 247 1040 enee
274 981 308 1036 tn·
332 978 521 1034 ronreienlr'o
550 974 632 1047 sorti
661 979 727 1065 sui,
757 974 891 1052 profecti
920 974 997 1038 urbe
1025 985 1120 1056 atque
1149 977 1249 1061 ltalia,

178 1078 297 1140 intento
314 1073 355 1138 ad
374 1073 461 1153 paria
482 1073 596 1152 mimo,
617 1073 687 1136 sine
706 1075 889 1140 auctoritate
912 1078 1047 1160 publiea,
1066 1078 1261 1162 prouincias*

179 1177 404 1256 exercitusque
423 1184 667 1257 occupaverant,
687 1183 729 1256 et,
748 1178 927 1252 ubieunque
945 1184 1007 1252 ipat
1026 1161 1247 1265 earenrpprae·

179 1286 326 1339 texentes
358 1296 427 1338 ease
454 1280 721 1354 rempublicam,
759 1277 911 1357 pecunias
943 1279 1053 1363 etiam,
1090 1297 1171 1370 quae
1204 1297 1248 1342 ex
1357 1283 1361 1290 ’

178 1377 393 1443 transmarinis
416 1377 589 1458 proviuoiis
619 1376 755 1441 Romam
782 1378 821 1440 ab
845 1380 1064 1460 quaestoribus
1096 1382 1247 1462 deporta-

182 1480 306 1565 bantur,
328 1497 348 1541 a
370 1479 547 1543 volentibus
569 1488 774 1560 acceperant:
804 1497 885 1560 quae
909 1481 1012 1543 omnia
1031 1490 1163 1544 senatus
1184 1482 1247 1544 de-

181 1582 277 1648 oretis
293 1580 523 1661 comprehensa
542 1590 574 1644 st
593 1581 793 1662 comprobata
813 1591 902 1658 sunt3
922 1592 954 1644 et
975 1584 1004 1644 D
1030 1585 1142 1666 Bruto,
1163 1585 1246 1665 quod

179 1683 280 1744 alieno
295 1683 448 1748 beuefioio
467 1682 603 1762 viveret,
621 1681 770 1746 decretus
786 1683 969 1762 triumphus.
1008 1684 1135 1746 Pansae
1152 1695 1246 1766 atque

177 1783 269 1846 Hirtii
301 1801 434 1862 eorpora
454 1782 579 1863 publiea
608 1782 769 1862 sepultura
793 1783 958 1864 honorata3
989 1784 1142 1848 Caesaris
1165 1787 1248 1849 adeo

179 1885 261 1948 nulla
290 1885 395 1948 habita
422 1885 590 1968 astralia,
617 1892 651 1946 ut
678 1883 792 1967 legati,
821 1885 874 1965 qui
900 1888 940 1946 ad
974 1887 1150 1949 exereitum
1174 1887 1246 1968 ejus

178 1986 268 2051 missi
296 1995 399 2071 erant,
415 1975 615 2069 juberentur,
645 1996 796 2047 summoto
816 2006 851 2048 eo
871 1992 983 2048 nrtluea
1003 1993 1130 2066 alloqui
1170 1989 1204 2050 N
1206 2009 1245 2050 on

177 2088 235 2150 luit
262 2097 324 2150 tam
344 2088 488 2167 ingratus
519 2086 694 2168 exereitus,
724 2105 818 2167 quam
846 2087 947 2155 fuerat
977 2099 1124 2151 senatus:
1155 2109 1246 2172 nam,

179 2208 250 2251 eum
274 2207 344 2250 eam
364 2187 507 2268 injuriam
535 2187 759 2251 dissimulando
783 2188 905 2252 Caesar
932 2189 1046 2273 ferret,
1080 2209 1245 2271 negavere

178 2291 307 2372 milites,
345 2297 414 2350 sirie
440 2296 628 2364 imperatore
657 2309 715 2350 ano
744 2295 812 2350 ullu
836 2310 871 2350 ae
896 2297 1062 2352 audituros
1086 2297 1245 2376 mndata,

175 2393 248 2456 lloo
269 2399 320 2454 est
338 2391 412 2452 illud
431 2399 573 2472 tempus,
595 2407 656 2470 quo
678 2389 811 2470 Cicero,
832 2389 1054 2452 insitoamore
1073 2391 1245 2472 Pompeja-

177 2511 286 2575 narum
300 2493 449 2571 partium,
471 2495 637 2552 Caesarem
660 2495 853 2552 laudandum
878 2496 1099 2552 attollendum
1122 2510 1243 2554 nense-

146 2663 149 2680 Ι
176 2595 244 2676 bat,
265 2611 337 2656 num
353 2591 435 2654 aliud
454 2591 592 2669 diceret,
611 2589 694 2652 aliud
715 2589 846 2676 intelligi
871 2593 977 2680 vellet.

252 2694 379 2758 Interim
395 2693 569 2771 AntoniuS‚
589 2691 667 2772 fuga
686 2698 909 2773 transgressus
930 2694 1049 2780 Alpes,
1068 2695 1168 2776 primo
1185 2715 1243 2776 per
1253 2697 1294 2763 63

177 2796 332 2879 colloquia
351 2781 498 2875 repulsus
516 2812 537 2855 a
556 2794 600 2854 M.
622 2792 745 2872 Lepido
755 2835 764 2880 ,
781 2793 852 2874 (qui
875 2795 1016 2875 pontifex
1035 2799 1192 2858 maximus
1211 2798 1245 2860 in

179 2899 217 2964 C.
240 2897 391 2961 Caesaris
417 2897 519 2960 lecum
548 2895 629 2956 furto
658 2903 804 2980 oreatus,
834 2899 962 2960 decreta
994 2896 1054 2958 sibi
1079 2899 1244 2979 Hispania,

178 2999 282 3064 adhue
302 2999 335 3061 in
361 2995 463 3060 Gallia
487 2996 697 3076 morabatur),
723 3015 800 3062 mox
826 2999 955 3078 saepius
982 2999 1244 3080 inconspectum

178 3099 313 3161 veniens
330 3098 478 3178 militum,
498 3116 570 3158 num
593 3105 624 3156 et
640 3095 762 3176 Lepido
784 3106 895 3158 omnes
917 3098 1121 3176 imperatores
1142 3099 1244 3162 forent

177 3189 341 3283 melium,
360 3208 393 3260 et
411 3199 515 3260 multis
528 3197 696 3279 Antonius,
716 3194 788 3257 dum
810 3205 877 3260 erat
893 3196 1035 3281 sobrius,
1054 3217 1111 3280 per
1126 3218 1243 3262 aversa

178 3311 368 3384 nestrorum,
387 3308 513 3379 proruto
530 3299 623 3380 vallo,
643 3316 662 3357 a
677 3297 825 3358 militibus
844 3307 993 3378 receptus
1011 3309 1071 3385 est,
1092 3304 1144 3382 qui
1157 3302 1242 3362 titulo

178 3402 298 3484 imperii
325 3401 458 3464 cedebat
478 3399 616 3480 Lepido,
644 3415 716 3460 num
745 3387 867 3459 summa
893 3399 1004 3461 virium
1035 3421 1136 3480 penes
1170 3418 1241 3461 eum

247 3629 294 3680 62,
330 3627 372 3678 liis
390 3626 538 3679 euerritur.
558 3627 600 3676 sie
622 3627 663 3674 ed.
681 3624 763 3676 Basti.
782 3625 845 3676 libri
862 3628 945 3676 vein:
958 3626 1011 3676 liis
1028 3639 1058 3676 se
1076 3637 1138 3690 em,
1154 3625 1194 3690 τῷ
1211 3640 1241 3678 se

176 3722 241 3772 natu
260 3729 294 3766 ex
312 3717 411 3766 vicinis
423 3716 544 3776 vocibus,
566 3719 595 3764 ut
607 3715 640 3764 ll.
653 3714 859 3776 animadvertit,
886 3714 998 3766 laudato
1018 3710 1150 3762 Cicerone
1171 3713 1239 3764 Phil.

177 3806 228 3872 10,
241 3805 266 3856 6.
286 3805 322 3855 el.
342 3803 422 3852 finem
442 3805 539 3865 eapitis
556 3803 598 3852 63.
616 3828 651 3836 -
668 3802 821 3854 intento-
837 3801 938 3854 animo.
956 3803 974 3850 i.
991 3813 1016 3849 e.
1035 3801 1097 3862 pari
1115 3801 1240 3853 oonsilio.

177 3895 362 3948 malesarta:
388 3892 438 3942 int.
462 3877 507 3944 oc'
520 3891 589 3956 part
605 3905 660 3942 ans
677 3913 711 3928 -
737 3891 835 3942 inolita
861 3891 903 3943 est
926 3888 1012 3940 ratio.
1036 3887 1113 3938 libri:
1143 3891 1240 3942 latito
1346 3887 1349 3894 ’

176 3985 286 4036 mentio.
303 3987 333 4032 nt
348 3983 375 4032 si
391 3981 534 4031 Octavium
552 3981 716 4030 summoveri
730 3974 814 4044 jussit
825 3981 945 4041 senatus,
963 3977 1032 4024 lecit
1043 3977 1166 4027 nimirum
1179 3974 1239 4041 ejus

180 4077 350 4126 mentionem.
377 4071 486 4122 seilicet
501 4072 630 4134 imposuit
646 4070 760 4120 librario
777 4070 889 4131 praeter
906 4065 1066 4128 scripturam
1085 4070 1239 4120 continuam

180 4171 194 4206 r
211 4162 238 4208 et
249 4173 266 4208 u
277 4161 430 4212 litterarum
443 4160 591 4212 similitudo
609 4156 736 4220 (irratio,
766 4151 874 4215 mitio).

249 4247 288 4296 63.
325 4264 427 4300 alirino
446 4263 496 4310 pro
511 4259 623 4298 ‘nv-um
642 4249 743 4310 primus
762 4244 851 4294 editor
872 4242 952 4294 Basil.
