2990 4894
630 361 732 410 ursr.
758 361 796 410 u.
823 338 866 410 rr.
1211 335 1278 410 llll
1375 427 1381 442 x

210 503 534 586 ,magnificentissimis
555 502 729 583 gladiatorii
754 503 893 564 muneris
915 505 1181 586 normanniaeque
1200 521 1276 584 spe-

216 603 345 666 ctaculis
366 602 460 664 divus
479 602 666 681 Augustus,
685 601 798 665 abhinc
817 620 917 666 annos
936 605 1049 687 XXX,
1077 623 1114 664 se
1134 613 1169 669 et
1188 600 1279 668 Gallo

213 703 345 765 Caninio
365 701 478 784 Coss,
506 700 650 764 dedicato
669 703 782 764 Martis
802 705 934 787 templo,
965 703 1087 766 animos
1107 705 1279 784 oculosque

209 804 248 864 Ρ.
269 803 310 866 it.
337 794 533 887 repleverat,
559 800 657 864 foeda
675 803 778 889 dictat,
806 806 1029 886 memoriaque¹
1045 804 1215 889 horrenda,
1247 805 1279 866 in

211 905 311 984 ipsius
331 902 423 965 domo
441 910 614 985 tempestas
633 905 743 984 erupit.
769 902 908 987 ‘Quippe
927 905 992 967 filie
1011 905 1081 987 ejus
1100 905 1202 982 Julia,
1221 923 1277 985 per

212 1004 315 1074 omnia
334 1005 410 1065 tanti
429 1006 567 1084 parentis
586 1023 625 1068 ac
644 1005 704 1066 viri
723 1006 905 1090 immemor,
937 1005 1027 1087 nihil,
1051 1005 1144 1086 quod
1168 1004 1277 1068 facere
1370 998 1375 1002 ’

211 1112 264 1164 aut
282 1105 346 1182 pati
366 1106 494 1186 turpiter
512 1115 623 1186 posset
642 1106 773 1186 femine,
792 1107 914 1168 luxuria
927 1125 966 1168 ac
982 1107 1107 1172 libidine
1127 1105 1276 1170 iniectum

211 1205 351 1287 reliquit,
380 1206 687 1289 magnitudinemque
713 1206 854 1268 fortunae
880 1225 959 1268 suae
979 1207 1132 1287 peccandi
1152 1207 1276 1274 licentia

211 1306 410 1391 metiebatur,
445 1307 594 1390 quidquid
623 1309 752 1394 liberet,
785 1327 840 1389 pro
858 1308 956 1370 licito
979 1306 1156 1386 vindicans.
1195 1309 1275 1368 'lum

208 1407 303 1468 dulus
322 1409 495 1492 Antonius,
521 1411 682 1490 singulare
701 1410 879 1490 exemplum
907 1409 1093 1471 clementiae
1113 1407 1274 1490 Caesaris,

209 1505 432 1588 violatorejus
452 1510 573 1596 domus,
594 1511 664 1592 ipse
685 1510 819 1573 sceleris
838 1527 857 1569 a
877 1527 914 1570 se
936 1509 1096 1570 commissi
1110 1509 1188 1570 ultor
1202 1505 1273 1586 luit3

210 1627 314 1691 quem,
334 1609 420 1671 victo
441 1609 510 1689 ejus
529 1619 630 1692 patre,
650 1631 712 1673 nnn
725 1619 841 1673 tantum
861 1611 1071 1673 incolumitate
1092 1609 1273 1691 donaverat,

209 1707 268 1769 sed
292 1709 490 1795 sacerdotio,
510 1720 671 1795 praetura,
692 1713 871 1795 consulatu,
891 1710 1061 1790 provinciis
1081 1710 1272 1792 honoratum,

210 1809 304 1869 etiam
324 1811 516 1873 matrimonio
537 1812 656 1873 sororis
677 1822 755 1872 suae
775 1811 857 1871 tiliae
876 1811 906 1870 in
929 1809 1116 1874 artissimam
1136 1808 1272 1872 affinita-

161 1899 166 1903 ’
208 1916 271 1968 tem
300 1921 482 1991 receperat;
512 1909 721 1992 Quintiusque
752 1911 934 1992 CrispinuS,
964 1908 1187 1988 [singularem]
1210 1929 1270 1969 ne·-

116 2055 119 2066 .
207 2010 333 2088 quitiam
353 2013 522 2093 supercilio
542 2015 620 2074 truci
640 2022 827 2096 protegens,
850 2021 882 2074 et
900 2011 1025 2092 Appius
1045 2009 1212 2091 Claudius,
1238 2019 1271 2072 et

206 2111 412 2190 Sempronius
433 2111 601 2177 Gracchus
621 2133 660 2177 ac
681 2116 809 2199 Scipio,
837 2114 951 2192 aliique
971 2112 1100 2172 minoris
1125 2113 1268 2194 nominis,

206 2211 367 2293 utriusque
387 2215 524 2294 ordinis,
544 2216 613 2300 viri,
635 2219 724 2299 quasi
745 2215 910 2296 cujuslibet
929 2231 1028 2274 uxore
1041 2211 1167 2290 violata,
1186 2230 1267 2290 poe·

205 2329 262 2372 nas
281 2313 478 2394 pependere,
506 2335 577 2378 omn
599 2317 751 2379 Caesaris
770 2316 865 2376 liliam
885 2322 916 2374 et
935 2312 1075 2372 Neronis
1094 2311 1268 2374 violassent

203 2411 381 2493 conjugem.
419 2415 505 2476 Juiia
531 2407 672 2496 relegata
702 2424 753 2476 est
783 2415 815 2474 in
844 2413 997 2495 insulam,
1029 2410 1209 2491 patriaeque
1235 2419 1267 2471 ct
1323 2453 1327 2464 ,

204 2521 365 2589 parentum
400 2514 554 2576 subducta
587 2517 701 2596 oculis,
736 2533 828 2597 quam
860 2523 963 2574 tamen
996 2511 1140 2573 comitata
1169 2519 1268 2573 mater

204 2612 369 2674 Scribonia
388 2615 562 2676 voluntaria
583 2616 667 2676 exilii
692 2615 864 2698 permansit
884 2631 1003 2676 comes.

278 2713 385 2775 Breve
406 2716 444 2776 ab
465 2716 526 2778 hoo
547 2717 772 2780 intercesserat
800 2717 948 2800 spatium,
979 2734 1050 2778 cum
1077 2713 1115 2777 C.
1134 2714 1265 2800 Caesar,
1277 2716 1335 2782 101

202 2822 274 2874 ante
295 2816 364 2876 aliis
383 2817 555 2898 provinciis
574 2819 613 2880 ad
635 2820 803 2882 visendum
820 2819 928 2900 obitis,
948 2817 979 2880 in
991 2817 1117 2898 Syriam
1134 2818 1264 2902 missus,

171 2959 174 2964 Α
202 2925 358 2977 convento
378 2919 465 2997 prius
485 2921 551 2980 'l'iln
572 2921 721 3008 Nerone,
751 2921 803 3002 qui
830 2932 953 2983 ornnem
980 2920 1011 2979 ei
1037 2920 1202 3003 lronorenr,
1232 2928 1265 2979 ut

202 3016 371 3100 superiori,
387 3018 515 3102 habuit,
535 3030 596 3082 tarn
617 3023 705 3083 varie
726 3041 763 3084 se
783 3023 825 3082 ibi
844 3021 965 3104 gessit,
984 3029 1018 3082 ut
1038 3037 1098 3081 nec
1117 3019 1261 3082 laudatu-

202 3207 311 3254 uescin:
330 3211 427 3256 eontra
445 3212 557 3271 scripsit
574 3211 730 3272 planissime
749 3213 899 3275 Dio,libro
912 3213 969 3260 LV.
989 3216 1027 3274 (p.
1045 3213 1133 3268 dudi:
1153 3213 1211 3264 Τοῦ
1229 3213 1259 3264 δὲ

201 3293 290 3344 Γαΐου
314 3295 472 3360 σταλέντος
499 3299 529 3360 ἐς
547 3295 599 3350 τὸν
622 3297 696 3370 πρὸς
711 3295 875 3370 Ἀρμενὲιυς
893 3298 1039 3367 πόλεμον,
1070 3299 1087 3354 ὁ
1114 3304 1258 3373 Τιβέριος,

200 3383 231 3447 ὡς
247 3385 323 3438 Χίον
340 3381 450 3446 diade,
472 3380 565 3440 αὐτὸν
581 3385 776 3459 ἐθεράπευσα
796 3388 867 3452 UaJ'o
883 3389 967 3439 misso
986 3391 1024 3440 nd
1041 3393 1141 3441 bellurn
1158 3390 1259 3438 Arnie-

199 3474 325 3540 niucum,
354 3474 497 3540 Tiberius,
526 3473 622 3524 diliana
641 3473 805 3542 trajiciens,
832 3477 922 3540 ipsum
948 3478 1035 3528 coluit
1058 3481 1086 3528 el
1108 3479 1258 3527 veneratus

200 3564 249 3612 est.
274 3560 439 3626 (eranetnov
458 3578 488 3613 τε
506 3560 562 3632 γὰρ
580 3561 699 3624 ἑαυτὸν,
722 3565 772 3614 καὶ
789 3561 947 3616 ὑπέπιπτεν
966 3560 1025 3628 οὐχ
1042 3560 1089 3616 ὅτι
1109 3561 1147 3630 τῷ
1165 3561 1257 3642 scip)

198 3647 274 3701 ἀλλὰ
292 3653 342 3701 καὶ
360 3646 508 3716 torques
527 3647 622 3702 αὐτοῦ
644 3643 723 3703 οὖσι.
750 3653 791 3702 sic
808 3656 906 3703 ibidem
925 3656 992 3717 Dio,
1018 3655 1167 3717 annotante
1185 3654 1256 3702 Boe-

198 3739 297 3794 olero.)
333 3741 407 3787 ldem
427 3740 559 3788 Zonaras.
578 3741 636 3788 Neo
651 3753 717 3788 saue
737 3736 818 3803 Cujus
836 3741 918 3792 illisi
937 3743 1024 3803 dedit,
1043 3743 1072 3788 ut
1088 3737 1215 3800 supcrlria
1226 3744 1255 3790 et

197 3829 307 3876 fortuna
323 3827 521 3876 adolescentuli
539 3828 604 3876 luit:
623 3829 703 3889 idque
718 3831 793 3878 Suet.
813 3830 889 3880 clare
905 3831 1022 3891 indicat,
1041 3828 1099 3875 uin.
1110 3838 1177 3888 cap.
1195 3831 1252 3880 xli.

196 3915 359 3981 Prinipnum
378 3911 477 3974 cajum
496 3915 604 3966 Orienti
619 3917 832 3982 praepositum,
844 3931 906 3968 cnm
922 3915 1030 3966 emendi
1046 3913 1145 3979 pretia
1162 3913 1252 3976 maje-

195 4004 278 4054 er'sset
294 4005 409 4053 Samum
426 4001 539 4063 [cluam
557 4006 624 4054 dixit
643 4007 724 4069 Dio),
751 4005 915 4054 ostentarem
931 4002 984 4052 sibi
1001 4000 1088 4052 sensit
1104 4015 1140 4051 ern
1156 4004 1252 4055 crimi-

197 4093 351 4142 nationibus
368 4091 407 4141 M.
425 4091 520 4142 Lollii.
556 4093 591 4142 Et
609 4097 717 4142 omuino
735 4087 869 4154 abjectior
887 4094 950 4138 tunc
968 4090 1174 4152 despectiorque
1190 4107 1251 4142 sors

196 4176 309 4244 Tiberii,
344 4182 501 4230 tantumnon
539 4181 659 4230 exsulis:
698 4183 728 4229 ut
757 4179 874 4227 sortasse
910 4176 981 4226 Voll.
1015 4179 1171 4243 scripserit,
1203 4181 1251 4246 qni

194 4267 324 4316 munem.’'
347 4271 398 4318 eto.
422 4271 530 4330 saepius
547 4283 584 4319 on
599 4283 648 4331 pro
667 4282 703 4332 qn
721 4267 850 4328 scripturn
873 4268 1019 4332 inritavit,
1034 4270 1170 4333 nequeid
1194 4280 1248 4318 uun
1268 4307 1270 4314 ,
