2998 4896
237 329 284 402 56
682 353 843 404 venusii

190 555 193 562 .
238 498 315 560 stari
336 497 431 576 solet,
464 498 743 578 contentionesque
770 498 883 559 civiles
910 515 978 558 cnm
1007 494 1046 574 Q.
1066 497 1179 560 Catulo
1199 501 1296 582 atqu'e

239 599 307 660 aliis
330 599 585 662 eminentissimis
608 599 686 658 viris
709 599 953 673 celeberrimae3
974 605 1004 659 et
1024 605 1094 659 ante
1115 609 1294 678 praeturam

210 771 213 780 Δ
238 699 343 762 victus
370 701 497 762 maximi
521 699 719 781 pontificatus
748 699 896 778 petitione
923 696 962 776 Q.
983 698 1127 781 Catulus,
1158 703 1294 762 omnium
1382 773 1386 783 ,

238 797 440 872 consessione
461 783 590 862 sencias
609 798 775 878 princeps,
796 808 829 860 et
845 801 988 876 restituta
1001 801 1032 860 in
1049 801 1212 885 aedilitate,
1234 803 1296 864 ad-

238 909 388 962 versante
412 899 537 981 quidem
557 899 723 985 nobilitate,
742 909 943 970 monumenta
961 899 1000 962 C.
1019 901 1123 984 illarii,
1144 901 1295 985 simulque

239 1001 382 1063 revocati
395 1001 435 1062 ad
454 1000 509 1082 jus
530 1000 691 1082 dignitatis
709 1001 953 1081 proscriptorum
977 1001 1081 1081 liberi3
1102 1011 1135 1062 et
1155 1013 1295 1083 praetura
1384 1013 1387 1022 '

241 1110 475 1183 quaesturaque
486 1102 616 1164 mirabili
628 1103 743 1166 virtute
759 1110 853 1183 atquo
865 1100 1016 1163 industria
1033 1102 1115 1164 obita
1132 1103 1162 1164 in
1179 1103 1296 1184 Hispa-

240 1202 312 1288 nia,
339 1190 410 1266 cum
429 1214 519 1267 esset
549 1215 704 1285 quaestor,
719 1204 778 1265 snb
800 1203 921 1265 Vetera
943 1202 1099 1287 Antistio,
1119 1223 1181 1266 avo
1209 1205 1300 1286 hujus

242 1305 393 1389 Veteris,
422 1307 599 1368 consularis
623 1313 717 1385 atque
739 1305 911 1386 pontilicis,
942 1304 1072 1367 duorum
1091 1308 1302 1370 consularium

243 1415 274 1470 et
296 1407 495 1471 sacerdotnm
517 1406 634 1487 patris,
654 1406 714 1466 viri
731 1406 762 1468 in
779 1415 896 1468 tantum
914 1405 1004 1488 boni,
1023 1406 1219 1487 inquantum
1239 1408 1301 1470 hn-

242 1525 334 1568 mana
352 1508 535 1589 simplicitas
553 1507 683 1592 intelligi
701 1517 820 1589 potest,
853 1527 914 1590 quo
937 1509 1056 1572 notiora
1075 1517 1167 1592 sunt,
1197 1509 1301 1571 minus

154 1619 156 1630 ’
244 1619 341 1691 egent
361 1609 468 1672 stilos

192 1699 236 1764 44
319 1711 392 1774 Hoc
419 1711 514 1794 igitur
543 1714 673 1775 consule
701 1714 780 1775 inter
807 1732 878 1775 eum
907 1723 939 1774 et
971 1711 1029 1774 Co.
1057 1711 1239 1793 Pompcjum
1269 1697 1306 1772 et'

242 1814 289 1874 Μ.
311 1812 463 1877 Crassum
494 1815 569 1876 inita
599 1817 756 1896 potentiae
785 1817 942 1898 societas,
971 1831 1052 1896 qnae
1081 1814 1148 1875 urbi
1173 1813 1300 1895 orbique

171 1907 174 1912 ’
243 1924 410 1996 terrarum,
438 1933 500 1976 nec
525 1917 646 1998 minus,
679 1917 807 1978 diverso
832 1934 1006 1998 quanquam
1033 1923 1193 1996 tempore,
1222 1916 1301 1996 ipsis

244 2013 409 2074 exitiabilis
431 2012 497 2075 fnit.
536 2016 607 2076 Hoc
627 2016 790 2078 eonsilium
809 2017 963 2096 sequendi
978 2015 1148 2097 Pompejus
1171 2025 1301 2079 cansam

97 2103 100 2110 “
156 2130 159 2137 ’
243 2113 407 2202 babuerat,
437 2125 470 2178 ut
488 2114 613 2178 mndem
635 2124 707 2178 acta
730 2117 762 2178 in
785 2118 999 2178 transmarinis
1016 2117 1208 2202 provinciis,
1228 2119 1301 2199 qui-

176 2215 179 2221 ‘
244 2219 320 2304 bus,
347 2227 381 2281 ut
409 2217 638 2301 praediximus,
670 2218 756 2279 multi
784 2216 1012 2296 obtrectabant,
1042 2237 1099 2299 per
1129 2218 1302 2282 Caesarem

245 2321 500 2384 confirmarentur
520 2322 697 2402 consulem3
719 2319 841 2384 Caesar
862 2327 976 2401 antem,
997 2319 1081 2399 qnod
1100 2319 1301 2381 animadver-

245 2425 345 2508 tebat,
382 2443 420 2486 se
453 2425 596 2487 cedendo
625 2422 766 2506 Pompeji
796 2422 915 2502 gloriae
944 2428 1104 2483 aucturum
1134 2439 1238 2503 suam,
1270 2430 1303 2482 et

165 2529 171 2536 '
244 2525 363 2587 invidia
383 2527 556 2586 communis
575 2527 732 2604 potentiae
750 2527 781 2587 in
796 2526 879 2587 illum
898 2524 1039 2604 relegata
1053 2524 1302 2587 confirmaturum

245 2626 332 2685 vires
353 2641 445 2704 suas3
474 2610 634 2708 Crassus,
662 2636 696 2689 ut
717 2646 810 2709 quem
836 2627 1040 2708 principatum
1065 2628 1153 2688 solus
1172 2607 1302 2706 assequi

244 2744 306 2787 noo
325 2733 465 2811 poterat,
485 2726 668 2788 anctoritate
684 2726 843 2811 Pompeji,
863 2726 983 2787 viribus
998 2735 1122 2787 teneret
1140 2726 1301 2788 Caesaris.

245 2823 393 2888 Affinitas
425 2825 518 2887 etiam
550 2825 630 2886 iuter
663 2825 836 2887 Caesarem
868 2824 1302 2906 Pompejumqueveonnaon

245 2925 377 3006 nuptiis:
398 2927 512 3008 quippe
535 2925 628 2988 filiam
646 2925 684 2988 C.
705 2924 856 2988 Caesaris
880 2925 939 2990 Cn.
955 2926 1095 3006 Magnus
1115 2928 1200 2991 duxit
1218 2947 1302 2992 uxo-

207 3065 208 3080 1
246 3046 323 3090 rem.
364 3029 399 3090 ln
419 3030 480 3092 hoc
504 3028 666 3092 consulatu
686 3027 808 3092 Caesar
824 3028 930 3111 legem
951 3029 1033 3111 tulit,
1052 3039 1090 3090 ut
1111 3049 1186 3106 oper
1206 3036 1302 3094 Cam·

242 3147 350 3206 pecus
371 3134 454 3206 plebi
482 3137 685 3210 divideretur,
715 3147 848 3194 suasore
868 3130 951 3212 legis
974 3129 1132 3213 Pompejo.
1171 3133 1218 3196 lta
1238 3135 1303 3195 cir-

248 3231 326 3293 citer
353 3231 418 3292 XX
446 3232 539 3293 millia
568 3233 684 3294 civium
712 3252 751 3294 eo
782 3229 930 3313 deducta,
968 3240 999 3292 et
1024 3229 1078 3309 jus
1108 3232 1145 3293 ab
1174 3233 1224 3294 lris
1250 3229 1302 3313 (i)

248 3331 422 3395 restitutum
441 3342 513 3414 post
530 3351 630 3396 annos
650 3334 773 3397 circiter
797 3331 900 3418 CLII,
922 3350 1012 3414 qnam
1026 3332 1106 3396 bello
1123 3334 1243 3398 Punico
1264 3338 1310 3414 ab¹
1351 3315 1353 3324 ¹

248 3563 277 3612 in
297 3577 345 3630 ec,
375 3561 533 3614 Dolabella:
561 3576 622 3614 nam
646 3567 722 3630 quid,
748 3578 861 3628 quaeso,
886 3565 1006 3614 civitatis
1022 3565 1050 3613 iu
1068 3564 1145 3613 illum
1162 3565 1242 3614 favor
1268 3566 1302 3614 ad

250 3650 395 3702 Caesarem
413 3663 553 3713 rerumque
573 3654 606 3702 ab
633 3665 667 3702 eo
693 3660 831 3716 gestarum
856 3645 994 3715 gloriam?
1030 3654 1086 3702 imo
1113 3654 1200 3715 magis
1224 3665 1301 3714 qnam

248 3743 331 3790 antea
349 3741 462 3790 Romani
481 3741 611 3792 tacebant
627 3737 740 3790 Caesari
758 3744 792 3792 ob
807 3740 976 3804 praeclaram
994 3742 1074 3792 istam
1091 3743 1300 3791 accusationem.

248 3827 323 3890 Ergo
337 3830 501 3880 scribamus:
519 3830 548 3880 et
565 3825 659 3888 major
676 3828 727 3879 eiu.
745 3829 775 3878 in
793 3843 828 3880 ee
842 3827 945 3896 saoce,
964 3829 1009 3894 qui
1026 3829 1083 3880 reis
1098 3843 1144 3894 pr.
1162 3843 1184 3879 s.
1202 3828 1300 3889 quippe

248 3912 341 3964 solent
357 3917 479 3968 homines
497 3918 621 3966 urbemi
638 3917 794 3980 accusatos,
812 3917 899 3978 iisque
910 3918 1020 3980 taverc3
1037 3919 1081 3966 lde
1093 3920 1189 3966 contra
1199 3915 1300 3977 evenit,

249 4002 387 4063 magisque
405 4009 534 4070 probatus
552 4009 595 4056 est
608 4007 757 4056 aecusator
775 4003 878 4056 Caesar
895 4017 973 4066 qnam
991 4005 1150 4056 defensores
1168 4001 1197 4054 C.
1220 4000 1301 4054 Cotto

250 4092 279 4139 et
295 4089 465 4144 Hortensius.
1015 4135 1017 4142 .
1268 4143 1272 4160 ‚

243 4205 247 4215 ·
317 4175 363 4228 44.
398 4180 459 4231 noe
476 4183 564 4247 ipitnr
581 4185 699 4235 consule.
730 4181 863 4244 Caesare,
894 4179 970 4246 cujus
989 4184 1022 4232 dc
1041 4179 1184 4232 consulatu
1210 4184 1300 4234 dicere

251 4269 341 4330 coepit
361 4280 383 4316 c.
403 4264 445 4318 41.
472 4293 507 4306 -
537 4274 564 4322 et
576 4267 625 4331 jus
644 4273 678 4324 ob
703 4273 745 4326 dis
762 4272 927 4326 restitutum.
962 4274 1090 4336 corrupta
1107 4275 1191 4324 verba
1209 4275 1242 4324 ab
1261 4273 1302 4324 lats
