2990 4894
580 351 683 402 rrrsr.
709 351 746 400 n.
774 352 818 400 11.
907 393 908 402 ,
1159 329 1229 402 tut

7 501 13 544 l
168 493 329 575 procubuit
347 493 486 556 tribunal.
525 491 632 552 Fraoti
656 490 875 572 Langobardi,
907 511 990 572 gens
1018 498 1109 560 etiam
1139 495 1227 570 tier-'-

7 605 10 644 ι
119 671 121 678 ¹
170 611 260 663 mana
277 592 399 659 feritate
425 591 570 654 ferocior.
609 590 755 672 Denique
778 591 861 673 quod
883 612 1039 676 untiquam
1058 605 1150 658 antea
1169 615 1229 679 spe

155 704 369 782 ponoeptum,
397 692 513 754 nedum
533 708 629 772 opere
649 699 797 755 tentatum
817 702 902 775 crat,
921 695 961 756 ad
981 695 1228 776 quadringente-

128 840 131 843 ·
166 797 279 858 simum
302 791 476 874 milliarium
505 790 659 856 allheno
686 811 789 876 usque
804 793 855 858 'ad
880 789 995 858 flumen
1022 795 1143 881 Albim,
1158 820 1161 826 ’
1177 801 1229 878 qui

165 899 359 961 Semnonum
378 891 728 974 Hermundurornmque
746 893 829 960 fines
847 897 1047 982 praeterfluit,
1067 897 1228 962 Romanus

164 1015 239 1063 cum
259 992 362 1074 cignis
381 991 551 1073 perductus
570 994 751 1079 exercitus,
778 1003 810 1056 et
830 996 962 1083 codem,
981 999 1059 1060 mira
1080 997 1227 1062 felicitate

165 1106 199 1159 et
218 1111 293 1156 cura
313 1092 414 1178 ducis,
433 1101 606 1174 temporum
623 1088 750 1178 quoquc
763 1084 978 1175 observantia,
999 1100 1126 1178 classis,
1146 1119 1227 1182 quae

166 1194 287 1256 Oceani
314 1195 640 1277 circumnavigavcrat
672 1195 779 1277 aluus,
811 1195 849 1256 ab
879 1197 1015 1262 inaudito
1045 1207 1141 1279 atque
1174 1201 1227 1262 in·

165 1295 291 1375 cognito
311 1305 384 1358 autc
401 1296 479 1358 mari
497 1296 623 1358 flumine
642 1296 716 1359 Albi
735 1278 905 1375 subvecta,
924 1297 1123 1377 plurimarum
1142 1317 1227 1388 geu-

164 1396 239 1456 tium
263 1397 393 1480 victori,
429 1415 500 1460 cum
532 1396 798 1460 abundantissima
823 1416 929 1464 rerum
958 1398 1093 1464 omniurn
1124 1401 1227 1487 copia,

163 1497 318 1562 exercitui
335 1494 531 1577 Caesarique
548 1513 587 1561 se
605 1496 719 1579 junxit

239 1629 314 1692 Non
333 1605 474 1714 tempero
493 1631 577 1713 mihi,
597 1631 671 1712 quin
683 1639 786 1692 tantae
806 1605 911 1692 rerum
931 1631 1135 1712 magnitudini
1154 1607 1299 1716 nomio?

163 1730 381 1813 qualecunque
400 1741 468 1814 eat,
495 1732 643 1793 inseram.
694 1729 775 1792 Cum
803 1731 979 1793 citeriorem
1005 1732 1103 1812 ripam
1128 1752 1225 1814 prae-

162 1830 237 1892 dicti
255 1829 391 1892 fluminio
410 1833 525 1894 castris
544 1846 811 1916 occupassemus,
831 1839 864 1893 et
881 1831 1008 1897 ulterior
1027 1842 1145 1902 armata
1165 1835 1225 1895 ho-

162 1930 255 1992 stium
276 1928 442 2011 juventute
474 1931 628 2011 fulgeret,
660 1929 718 2000 sub
746 1949 868 1994 omnem
899 1943 1019 2000 ,motum
1050 1944 1225 1998 nostrarum

109 2023 111 2033 '
162 2031 288 2093 navium
307 2033 447 2111 protinus
465 2031 702 2112 refugientium,
721 2049 802 2096 nnus
824 2022 1022 2118 chartaria,
1042 2043 1145 2098 aetate
1166 2042 1225 2097 s'e-

162 2133 247 2213 nior,
280 2150 412 2213 corpore
441 2133 637 2218 excellens,
664 2132 828 2220 dignitate,
862 2145 1010 2230 quantum
1041 2137 1225 2198 ostendebat
1316 2129 1320 2134 ’

161 2233 281 2318 cultus,
309 2234 470 2316 eminens,
503 2243 666 2320 cavatum,
697 2241 731 2296 ut
749 2235 811 2300 illis
831 2251 902 2297 mos
922 2244 993 2317 ost,
1024 2251 1066 2294 ex
1096 2237 1225 2298 materia

162 2335 347 2397 conscendit
366 2335 510 2413 alveum,
537 2337 689 2416 solusque
712 2335 745 2396 id
775 2333 895 2411 rracigii
921 2351 1025 2414 genus
1044 2343 1224 2414 temperant

161 2433 202 2495 ad
220 2435 355 2498 medium
381 2435 540 2516 processit
566 2434 702 2502 numinis
730 2443 762 2495 et
787 2431 890 2518 petiit,
922 2437 1030 2494 liceret
1049 2437 1125 2512 eidi,
1157 2440 1225 2494 eine

51 2542 55 2549 '
158 2539 300 2609 periculo
320 2541 353 2594 in
385 2553 468 2613 eam,
481 2588 483 2592 .
496 2553 590 2611 quom
620 2540 717 2594 nimia
742 2534 939 2612 tenebamur,
971 2540 1076 2608 epredt'
1111 2539 1222 2613 ripam,

159 2653 199 2693 co
220 2639 326 2695 cidere
348 2624 528 2696 Caesarem
561 2635 643 2696 Data
660 2633 779 2715 petenti
799 2632 942 2696 facultas.
981 2635 1060 2698 'l’um
1091 2637 1223 2716 appulso

158 2734 268 2820 lintre,
288 2733 340 2797 din
358 2735 472 2804 tacitus
491 2735 718 2816 contemplatus
738 2734 932 2821 Caesarem,
952 2742 1071 2796 Noetrn
1089 2743 1221 2814 quidem,

158 2835 274 2918 lnquit,
291 2837 557 2915 furttjuceutun,
583 2855 680 2916 quoe,
714 2855 785 2897 eum
805 2847 944 2898 restrum
968 2854 1085 2896 numen
1101 2841 1216 2897 obsen-

161 2942 240 3002 tium
256 2942 354 3013 eolat,
375 2943 588 3012 promentium
603 2943 708 3013 petitu
726 2955 817 3029 emta
834 2942 944 2998 metuit
961 2954 1056 3012 quum
1079 2943 1223 3011 requitur

229 3190 290 3249 106.
324 3190 526 3259 [armatoque]
552 3195 743 3258 interpretatio
767 3195 921 3256 exquisitae
937 3173 1014 3244 vocis
1041 3193 1170 3262 fulgenti.
1187 3219 1222 3232 -

161 3266 438 3348 temporum'qaoque
460 3284 507 3331 llr.
527 3295 578 3345 pro
604 3285 817 3347 temporumque.
836 3296 888 3348 quo
913 3285 941 3332 et
961 3281 1070 3350 'petoque
1093 3285 1176 3334 etiarn
1195 3283 1221 3331 7.

156 3361 292 3434 ‘conicum
312 3373 341 3419 et
355 3371 470 3422 interius
489 3369 550 3422 110.
577 3393 614 3406 -
641 3371 753 3423 uictori.
770 3371 847 3422 libri:
868 3370 1007 3443 victurio,
1028 3375 1107 3435 quael
1124 3373 1221 3422 classis

160 3459 264 3508 Tiberii
279 3461 376 3518 gentes
392 3457 456 3506 illas
474 3459 602 3523 vicisset,
630 3471 691 3509 cum
712 3458 815 3509 Oceani
839 3463 1020 3510 tantummodo
1037 3463 1114 3510 sinus
1135 3470 1221 3518 paene

158 3547 313 3610 incognitos
328 3545 506 3610 explorasset.
527 3548 581 3597 imo
603 3546 739 3600 victorem
756 3547 910 3600 exercitium
929 3551 958 3598 ct
978 3548 1135 3600 duetorem
1154 3546 1221 3593 dicit

159 3630 300 3699 Vellejua,
319 3636 390 3685 elcut
406 3638 537 3696 sequente
554 3638 643 3698 capite
661 3636 731 3686 hnn'c
750 3634 885 3688 victorem
911 3635 1031 3689 omnium
1052 3627 1174 3698 ¹mentium
1192 3636 1222 3684 et

157 3725 299 3789 locucio,
317 3736 385 3787 quor
399 3722 531 3785 adicem
551 3735 603 3773 nec
615 3723 712 3775 classis
723 3723 788 3789 ille,
805 3726 853 3774 aed
872 3726 1012 3776 exereitus
1030 3721 1220 3781 Tiberiusque,

158 3815 200 3862 tot
215 3813 336 3876 genuum
356 3812 490 3876 victores,
518 3813 600 3875 copia
621 3824 712 3862 rerum
741 3814 858 3864 omnium
884 3812 1065 3864 abundabant.
1098 3807 1133 3856 ci.
1160 3806 1221 3858 114.

157 3878 279 3952 victuma
297 3901 427 3963 scriptum
448 3902 506 3963 eet,
525 3903 605 3963 puto,
633 3901 667 3951 ab
686 3913 736 3964 co,
761 3903 806 3964 qni
830 3912 885 3954 nnn
907 3898 1163 3960 animadvertisset,
1190 3899 1219 3948 id

157 3990 337 4058 pertinercad
355 3987 506 4054 eanoitur',
522 3990 767 4052 expediendumque
785 3989 948 4038 sententiam
963 3997 1025 4036 osse
1038 3985 1216 4036 existimaret.
1310 4011 1313 4021 .

223 4076 283 4128 107.
318 4080 429 4130 motum.
452 4076 537 4128 liner:
564 4081 741 4144 motamque,·
764 4077 814 4126 sed
841 4075 909 4122 bene
936 4073 1126 4136 lentunen,
1157 4087 1217 4124 cum

155 4163 260 4212 induxit
277 4165 416 4231 copulam,
441 4178 519 4228 quam
546 4168 647 4218 temere
663 4167 756 4219 multis
779 4165 808 4210 iu
827 4159 897 4210 locis
915 4162 1059 4214 inseruisse
1076 4161 1216 4220 librarios,

157 4251 236 4312 uerno
254 4256 347 4309 nescit.
369 4269 395 4303 v.
412 4255 527 4304 interius
545 4251 613 4319 120,
632 4256 733 4304 Attium
749 4253 821 4299 Arm
840 4244 924 4311 judic.
943 4247 1215 4317 irugm.14,neopt.
