2998 4896
582 411 684 460 insu.
711 411 747 460 a.
775 411 819 458 11.
937 439 938 442 ,
1185 387 1233 460 33

244 554 306 615 Per
328 569 367 614 ea
386 561 528 634 tempora
546 552 761 636 Mithridates,
781 551 931 614 Ponticus
952 569 1025 642 rex,
1058 555 1107 614 vir
1127 573 1231 634 neque
1243 562 1285 628 18

170 655 326 737 silendus,
347 674 452 737 neque
474 653 631 718 dicendus,
648 654 718 714 sine
738 671 833 737 cura,
853 651 935 714 bello
954 654 1143 736 acerrimus,
1163 655 1232 716 vir-

168 765 232 818 tute
252 757 409 840 eximius,
440 753 606 835 aliquando
625 753 763 836 fortuna,
797 771 924 832 semper
943 754 1046 816 animo
1066 755 1233 840 maximus,

168 857 307 918 consiliis
338 857 419 937 dux,
451 856 542 916 miles
571 873 680 935 manu,
714 853 785 915 odio
817 855 849 915 in
877 853 1039 916 Romanos
1068 855 1234 942 Hannibal,

167 966 320 1038 occupata
339 957 436 1040 Asia,
456 956 641 1033 necatisque
661 949 692 1014 in
713 971 751 1014 ea
771 955 913 1016 omnibus
936 956 1059 1018 civibus
1070 955 1233 1042 Romanis,

167 1076 247 1138 quos
270 1054 396 1135 quidem
419 1054 531 1124 eadem
561 1055 612 1116 die
643 1063 737 1134 atque
766 1054 860 1136 hora,
892 1055 1023 1119 redditis
1054 1056 1233 1118 civitatibus

165 1158 293 1239 litteris,
326 1157 446 1238 ingenti
483 1174 554 1218 cum
587 1155 807 1235 pollicitatione
841 1158 1067 1239 praemiorum,
1099 1155 1233 1218 interimi

161 1259 320 1342 jusserat,
342 1257 421 1336 (quo
440 1265 580 1338 tempore
604 1275 709 1335 neque
726 1255 905 1318 fortitudine
928 1256 1086 1317 adversus
1105 1257 1233 1319 Mithri·

167 1359 287 1442 datem,
306 1376 411 1437 neque
430 1357 493 1419 fide
513 1358 545 1418 in
567 1357 741 1439 Romanos,
762 1357 928 1438 quisquam
938 1357 1072 1419 Rhodiis
1092 1375 1148 1437 par
1162 1357 1233 1432 luit3

166 1459 338 1539 horumque
367 1458 461 1519 fidem
490 1459 755 1540 Mytilenaeorum
788 1457 920 1538 perfidia
949 1458 1148 1540 illuminavit,
1181 1457 1235 1539 qui

166 1559 222 1619 Μ’.
241 1559 401 1639 Aquilium
421 1559 563 1639 aliosque
583 1558 755 1620 Mithridati
775 1559 901 1620 vinctos
926 1557 1133 1638 tradiderunt3
1160 1557 1234 1638 qui-

165 1659 224 1720 bus
244 1659 371 1731 libertas
391 1660 423 1720 in
442 1660 535 1720 unius
562 1660 764 1739 Theophanis
791 1661 923 1741 gratiam
951 1667 1063 1739 postea
1096 1658 1234 1722 al’om-

164 1763 236 1844 pejo
257 1764 399 1826 restituta
425 1764 491 1840 est)
521 1781 593 1824 eum
617 1763 763 1823 terribilis
783 1761 891 1823 ltaliae
921 1778 1047 1840 quoque
1073 1757 1234 1820 videretur

165 1864 342 1947 imminere,
360 1871 446 1925 sorte
467 1863 595 1924 obvenit
611 1863 718 1925 Sullae
733 1862 813 1923 Asia
832 1860 1005 1938 provincia.
1045 1860 1095 1942 ls,
1116 1876 1234 1941 egres-

164 1981 222 2026 sus
243 1962 339 2046 urbe,
369 1983 440 2026 cum
461 1965 548 2027 eirca
567 1965 683 2026 Nolam
712 1972 900 2046 moraretur,
933 1962 1065 2043 (quippe
1095 1978 1134 2023 ea
1158 1960 1234 2023 urbs

163 2063 523 2145 pertinacissimearma
544 2064 716 2148 retinebat,
738 2063 960 2143 [exercituque
980 2063 1123 2126 Romano
1144 2058 1234 2123 obsi-‘-

165 2164 327 2247 debatur,]
347 2165 435 2226 velut
450 2165 626 2245 poeniteret
640 2165 709 2245 ejus
726 2164 811 2250 lidei,
832 2183 925 2246 quam
939 2164 1074 2224 omnium
1093 2163 1234 2224 sanetis·

164 2267 275 2326 simam
295 2266 376 2327 bello
394 2267 595 2346 praestiterat
613 2266 769 2347 Punico),
787 2267 823 2328 P.
844 2265 1024 2345 Sulpicius,
1052 2261 1120 2322 trib.
1140 2261 1234 2341 pleb,

164 2365 321 2449 disertus,
352 2383 443 2448 acer,
475 2365 605 2448 opibus,
638 2367 755 2448 gratia,
788 2365 952 2443 amicitiis,
982 2364 1095 2441 vigore
1115 2361 1235 2440 ingenii

163 2474 257 2546 atque
277 2467 371 2526 animi
392 2466 634 2547 celeberrimus,
668 2485 740 2528 eum
760 2474 853 2525 antea
873 2463 1053 2523 rectissima
1072 2461 1233 2522 voluntate

163 2564 246 2644 apud
264 2565 412 2644 populum
431 2565 598 2625 maximam
627 2565 808 2644 quaesisset
837 2562 1038 2643 dignitatem,
1071 2565 1163 2640 quasi
1181 2559 1234 2640 pi·

164 2674 256 2745 geret
283 2685 354 2728 eum
384 2665 532 2728 virtutum
561 2683 704 2745 suarum,
746 2673 777 2726 et
806 2664 887 2724 bene
918 2663 1061 2725 consulta
1090 2663 1120 2722 e'i
1152 2661 1235 2722 male

145 2765 325 2844 cederent,
346 2766 448 2828 subito
465 2784 585 2848 pravus
606 2775 638 2828 et
656 2784 833 2847 praecepa,
856 2765 892 2826 C.
914 2764 1026 2841 Mario,
1047 2770 1120 2842 post
1129 2762 1235 2824 LXX.

165 2885 280 2929 annum
311 2868 413 2930 omnia
432 2868 562 2948 imperia
589 2877 620 2930 et
642 2886 752 2930 omnes
779 2865 962 2948 provincias
984 2862 1233 2942 concupiscenti,

166 2985 203 3028 se
223 2967 356 3045 addixit,
387 2969 556 3048 legemque
576 2968 617 3029 ad
638 2969 785 3048 populum
805 2969 887 3044 tulit,
917 2981 979 3043 qna
1002 2962 1109 3024 Sullae
1130 2962 1234 3042 impe-

165 3051 243 3129 rium
263 3069 482 3148 abrogaretur,
504 3069 542 3128 C.
563 3069 665 3128 Mario
685 3049 800 3128 bellum
824 3066 1049 3127 decerneretur
1064 3061 1234 3123 Mithrida-

166 3168 455 3257 ticum3a1iasque
485 3168 577 3246 leges
607 3166 805 3247 perniciosas
840 3173 872 3225 et
901 3163 1098 3241 exitiabiles,
1128 3181 1234 3244 neque

165 3418 279 3484 factas,
305 3422 374 3481 quod
392 3424 479 3470 ortum
502 3425 638 3483 arbitror,
667 3421 706 3488 τῷ
726 3422 738 3469 i
756 3422 823 3480 inp
842 3420 961 3481 mutato,
977 3419 1049 3468 sicui
1067 3432 1129 3481 cap.
1147 3419 1181 3466 2.
1199 3425 1235 3462 ex

165 3510 286 3574 paetus,
305 3510 386 3569 idque
400 3521 434 3558 ex
450 3513 551 3577 patus,
584 3521 643 3557 cunr
657 3511 697 3558 ita
719 3509 895 3569 scripsissent
916 3506 1018 3556 litteris
1037 3502 1162 3568 trajectis
1180 3499 1234 3547 iui-

168 3595 296 3659 tialihus,
325 3608 377 3657 quo
394 3608 497 3658 genere
521 3597 704 3659 corruptionis
726 3598 834 3645 scatent
851 3597 956 3656 scripta
971 3598 1103 3644 veterum.

237 3683 280 3733 18.
317 3684 508 3734 Mithridates.
528 3686 647 3734 fortasse
665 3685 836 3734 scribendum
861 3686 903 3732 est
920 3682 1118 3733 Mithradates.
1136 3689 1164 3722 v.
1177 3675 1236 3723 Xe-

166 3773 246 3834 noph.
265 3774 351 3822 Anah.
365 3771 394 3834 2,
410 3771 457 3835 35,
475 3772 625 3822 Blamiield.
644 3774 679 3821 ad
690 3771 821 3832 Aeschyl.
837 3773 912 3820 Pers.
923 3769 967 3832 43,
985 3770 1110 3818 Bredow.
1124 3761 1234 3812 Handb.

167 3863 219 3912 der
239 3845 430 3910 attendisset.
448 3872 474 3921 p.
489 3859 556 3908 442.
575 3884 610 3899 ·-
626 3863 784 3925 horamque.
802 3859 943 3909 incondite
960 3857 1040 3906 libri:
1059 3853 1164 3902 horam.
1184 3859 1234 3914 que

167 3951 239 3998 sicut
257 3951 362 3997 temere
380 3949 443 3996 addi
461 3949 548 4013 solet,
573 3951 612 3998 ita
631 3951 661 3998 et
679 3951 813 3998 omittitur
831 3954 1019 4004 nonnunquam
1036 3941 1070 3987 ab
1090 3937 1236 3986 oscitanti-

168 4039 218 4086 bus
235 4037 366 4100 librariis,
386 4037 464 4087 velut
482 4051 524 4100 ap.
537 4039 662 4087 Plautum
678 4039 721 4086 Ps.
736 4036 768 4100 2,
787 4035 818 4098 1,
838 4033 881 4082 10.
901 4033 929 4080 et
945 4027 1000 4074 Jul-
1016 4026 1165 4074 Phaedrum
1180 4025 1235 4074 fab·

171 4123 219 4184 12,
235 4123 287 4187 20,
306 4126 352 4174 ubi
370 4127 476 4186 quidem
494 4128 656 4191 sollersque
672 4125 825 4187 ponendum
844 4120 886 4168 est
911 4126 962 4176 pro
992 4114 1109 4164 Sollers.
1137 4112 1236 4172 -Is,

171 4223 306 4274 opressus.
325 4214 395 4261 bene
416 4227 565 4274 pronomen
582 4215 674 4276 posuit
692 4213 796 4268 Rhea,
814 4205 886 4254 sicut
904 4215 968 4251 mox
988 4215 1017 4252 se
1034 4203 1098 4252 ante
1122 4196 1237 4251 addimit
1290 4189 1292 4199 '

172 4299 308 4346 Puteanus
325 4299 435 4360 aliique.
453 4328 488 4336 -
506 4302 686 4362 ecercitnqae
701 4297 736 4345 R.
755 4296 811 4345 obs.
830 4290 967 4354 glossema
984 4292 1171 4354 inportunum.

209 4381 270 4417 ιιι
951 4373 971 4435 3
