2998 4896
254 326 300 400 rt
706 348 868 400 vaauen

254 494 408 555 rianarum
428 487 541 552 fuisset
569 489 701 570 partium
728 498 868 574 praetor,
894 489 933 552 ad
953 490 1069 554 Sullam
1089 491 1316 574 transfugerat.

254 591 451 656 Felicitatem
471 590 549 674 diei,
582 608 643 672 quo
676 591 861 654 Samnitium
889 591 1087 674 Telesinique
1120 593 1233 674 pulsus
1266 607 1318 662 est

255 690 433 774 exercitus,
467 692 555 756 Sulla
581 700 735 771 perpetua
760 688 903 756 ludorum
936 681 1121 756 circensium
1150 694 1316 760 honoravit

255 795 425 875 memoria,
455 793 508 872 qni
533 791 591 854 sub
612 790 681 852 eius
704 791 828 852 nominc
850 789 1015 867 [Sullanae
1038 791 1202 874 victoriae]
1224 797 1314 858 celc-

255 893 391 956 brantur.

203 991 246 1056 28
331 992 429 1056 Panlo
463 1001 535 1054 ante
566 1009 659 1074 qnam
694 992 783 1056 Sulla
813 991 854 1054 ad
893 992 1107 1073 Sacriportum
1147 994 1315 1078 dimicaret,

253 1094 432 1175 magnificis
448 1095 575 1175 proellis
594 1094 726 1174 partium
750 1093 819 1176 ejus
839 1093 898 1154 viri
917 1093 1053 1158 hostium
1073 1096 1248 1158 exercitum
1265 1096 1316 1162 Iu-

256 1195 379 1276 derant3
414 1195 475 1260 dno
508 1195 636 1258 Servilii
662 1193 745 1275 apud
773 1192 929 1278 Clusium,
955 1194 1106 1256 Metellus
1130 1195 1208 1258 Pius
1237 1195 1319 1276 apud

253 1297 453 1380 Faventiam,
471 1297 519 1358 M.
533 1296 684 1358 hncnllus
699 1295 784 1356 circa
800 1293 986 1356 Fidentiam.
1027 1294 1222 1358 Videbantur
1235 1296 1320 1360 finita

254 1399 327 1460 belli
341 1398 444 1460 civilis
463 1397 555 1474 mala,
575 1412 647 1456 eum
663 1394 771 1456 Sullae
788 1393 971 1456 crudelitate
985 1385 1078 1457 aucta
1091 1406 1172 1459 sunt.
1195 1396 1319 1478 Quippe

256 1499 387 1560 dictator
410 1503 536 1558 creatus
560 1493 669 1575 (cujus
687 1494 815 1556 honoris
836 1495 996 1575 usurpatio
1022 1515 1079 1578 per
1101 1514 1200 1570 annos
1226 1497 1319 1560 CXX

255 1598 451 1660 intermissa:
485 1612 559 1656 nam
584 1596 747 1676 proximus
777 1604 849 1675 post
878 1615 1009 1680 annum,
1042 1616 1134 1681 qnam
1164 1597 1319 1660 Hannibal

254 1699 342 1762 ltalia
365 1705 571 1778 excesserat,
598 1697 641 1760 uti
663 1703 831 1782 appareat,
859 1697 1007 1778 populum
1033 1696 1074 1760 n.
1100 1714 1192 1760 nsum
1214 1696 1317 1758 diota-

254 1799 330 1863 toris
351 1797 433 1860 hand
455 1797 487 1858 in
512 1806 598 1858 metu
619 1795 840 1880 desiderasse,
868 1804 902 1858 nt
923 1797 955 1858 in
975 1797 1037 1859 otio
1061 1798 1203 1860 timuisse
1224 1804 1318 1877 pote·

253 1898 403 1981 statem),
432 1898 581 1982 Imperio,
613 1915 674 1978 quo
703 1897 825 1978 priores
854 1896 895 1958 ad
924 1896 1144 1959 vindicandam
1173 1896 1320 1959 maximis

253 1997 401 2078 periculis
431 2015 528 2078 remp.
556 1996 627 2060 olim
652 1997 703 2058 nsi
734 2005 839 2082 erant,
874 2015 912 2057 eo
932 1997 1098 2058 immodica
1127 1996 1319 2060 crudelitatis

252 2098 378 2161 licentia
396 2115 476 2185 usus
501 2106 561 2159 est.
600 2096 726 2160 Primus
751 2099 822 2179 ille,
844 2105 875 2158 et
893 2097 1011 2159 utinam
1033 2096 1173 2160 ultimus!
1205 2115 1319 2160 exem·

252 2200 336 2280 plum
357 2198 596 2280 proscriptionis
624 2198 761 2283 invenit,
796 2206 845 2280 ut,
869 2197 901 2258 iu
921 2215 983 2279 qua
1003 2198 1131 2262 clvitatc
1149 2199 1318 2279 petulantis

252 2300 388 2364 convicii
403 2299 555 2380 jndicimn
576 2298 719 2362 histrioni
745 2306 858 2360 exacto
882 2296 1036 2378 redditur,
1066 2300 1098 2360 in
1128 2316 1169 2358 ea
1184 2297 1320 2378 jugulati

252 2401 334 2470 civis
356 2400 490 2466 Romani
515 2401 755 2466 constitueretur
774 2404 1057 2478 auctoramentum,
1090 2397 1318 2477 plurimumque

251 2504 397 2584 haberet,
434 2504 486 2583 qui
511 2503 662 2584 plurimos
694 2499 921 2580 interemisset3
950 2517 1056 2580 nequo
1091 2499 1190 2563 occisi
1216 2499 1319 2561 hostis

252 2618 344 2682 qnam
380 2599 462 2660 civis
499 2600 627 2662 uberius
656 2601 739 2662 foret
766 2601 956 2682 praemium3
989 2600 1143 2683 fieretque
1179 2601 1317 2684 quisque

250 2716 377 2764 merces
396 2698 506 2758 morde
527 2714 615 2756 suae.
654 2700 728 2760 Neo
746 2709 864 2763 tantum
884 2702 915 2761 in
936 2719 1012 2780 eos,
1033 2703 1085 2782 qui
1105 2710 1214 2764 contra
1233 2719 1319 2764 arma

250 2800 399 2883 tulerant,
419 2796 479 2858 sed
498 2797 529 2860 in
550 2796 663 2859 multos
682 2795 825 2858 insontes
842 2799 1009 2860 saevitum.
1030 2799 1199 2880 Adjectum
1215 2803 1322 2886 etiam,

250 2910 287 2962 nt
306 2904 386 2962 bena
400 2905 651 2978 prescriptorum
670 2901 827 2975 venirent,
849 2903 1035 2978 ecolesinae
1048 2910 1190 2980 paternis
1205 2908 1315 2981 opttus

251 3004 341 3062 tibere·
354 3009 447 3064 ettam
461 3008 667 3078 petendorum
681 3000 920 3072 honorumjnre
930 3007 1183 3084 prohiberentur,
1204 3010 1316 3066 stmul-

252 3118 331 3185 que,
369 3101 451 3183 qnod
481 3100 736 3182 indignissimum
759 3109 826 3186 est,
864 3112 1047 3166 senatorum
1073 3105 1133 3176 fiat
1162 3113 1192 3163 et
1220 3121 1319 3164 onera

255 3206 374 3260 ordinis
393 3209 597 3279 sustinerent,
619 3205 744 3273 etjoro
761 3208 938 3275 perderent.

202 3299 242 3366 29
329 3299 396 3362 Sub
423 3299 592 3362 adventum
624 3301 656 3361 in
684 3299 803 3362 ltaliam
833 3298 871 3358 Ιι.
901 3298 1009 3362 Sullae
1040 3296 1100 3361 Cn.
1135 3298 1319 3390 Pompejus,

253 3397 339 3482 (ejus
360 3397 421 3460 Cn.
439 3398 583 3480 Pompeji
602 3399 702 3484 filins,
736 3418 829 3481 quem
848 3399 1181 3480 magnificendssimas
1212 3423 1266 3465 res
1288 3406 1319 3464 in

252 3501 422 3566 consulatu.
435 3499 583 3578 gessisse
596 3499 678 3560 bello
689 3500 831 3562 Marsico
850 3499 1081 3579 praediximus)
1094 3503 1205 3564 XXIII
1217 3519 1317 3564 annos

253 3611 366 3685 uatus,
386 3598 497 3662 abhinc
517 3616 617 3662 annos
638 3600 764 3686 CXIII,
784 3601 915 3684 privatis
935 3610 969 3664 nt
989 3599 1117 3685 opibus,
1145 3603 1188 3662 ita
1208 3600 1317 3666 consi·

257 3731 486 3748 m

322 3805 368 3854 28.
404 3805 477 3855 leand
494 3827 528 3838 —
544 3803 721 3864 potestaten.
747 3805 791 3854 Ita
809 3803 846 3867 lt,
866 3804 919 3852 uiri
937 3806 1008 3865 quod
1032 3803 1156 3866 scrlpsll:
1183 3802 1259 3856 baad
1275 3800 1318 3852 ila

254 3885 283 3937 ia
300 3896 384 3945 metu.
410 3890 576 3944 seded.1.:
606 3891 657 3940 aut
674 3891 749 3940 meta
772 3889 917 3942 desideras
944 3891 1015 3942 tutio
1042 3905 1082 3941 co.
1102 3889 1316 3955 timotheanos,

254 3976 282 4026 iu
299 3979 393 4036 quibus
411 3982 462 4035 aut
479 3981 552 4030 metu
572 3980 615 4028 est
632 3977 683 4030 aut
699 3975 729 4026 in
746 3979 821 4028 metu
829 4012 842 4044 ‚
861 3990 914 4028 nec
931 3977 974 4029 tto
990 3979 1173 4028 necessarlum
1192 3979 1234 4028 est
1251 3988 1316 4026 seu·

257 4063 367 4112 boullae·
392 4089 426 4102 -
456 4070 557 4120 ennete
586 4067 657 4118 idem
675 4076 724 4128 pro
746 4066 852 4116 enolto.
881 4066 917 4114 ot.
942 4077 966 4114 c.
986 4063 1047 4113 tes.
1073 4087 1108 4102 -
1138 4065 1247 4116 tantuna
1265 4076 1315 4126 pro

257 4154 364 4214 turrea,
385 4163 454 4212 quae
472 4155 607 4208 vocabula
623 4155 783 4218 permhcerl
800 4152 905 4218 solent,
927 4155 1029 4216 primus
1046 4151 1077 4200 li.
1096 4152 1216 4202 Ursinus.

326 4238 367 4290 29.
406 4243 547 4294 enarr-cri.
565 4242 645 4294 libri:
667 4256 727 4295 eant
745 4241 879 4308 narrari,
909 4242 979 4303 qnod
997 4241 1151 4304 plusquam
1171 4239 1315 4304 poeticum.
