<?xml version="1.0" encoding="UTF-8"?>
<!DOCTYPE html PUBLIC "-//W3C//DTD XHTML 1.0 Transitional//EN"
    "http://www.w3.org/TR/xhtml1/DTD/xhtml1-transitional.dtd">
<html xmlns="http://www.w3.org/1999/xhtml" xml:lang="en" lang="en">
 <head>
  <title>
</title>
<meta http-equiv="Content-Type" content="text/html;charset=utf-8" />
  <meta name='ocr-system' content='tesseract 3.04.00' />
  <meta name='ocr-capabilities' content='ocr_page ocr_carea ocr_par ocr_line ocrx_word'/>
</head>
<body>
  <div class='ocr_page' id='page_1' title='image "./vellejipatercul00pategoog_0017.png"; bbox 0 0 2998 4896; ppageno 0'>
   <div class='ocr_carea' id='block_1_1' title="bbox 1060 199 1075 236">
    <p class='ocr_par' dir='ltr' id='par_1_1' title="bbox 1060 199 1075 236">
     <span class='ocr_line' id='line_1_1' title="bbox 1060 199 1075 236; baseline 0 0"><span class='ocrx_word' id='word_1_1' title='bbox 1060 199 1075 236; x_wconf 72' lang='grc' dir='ltr'><strong><em>Ι</em></strong></span> 
     </span>
    </p>
   </div>
   <div class='ocr_carea' id='block_1_2' title="bbox 236 291 851 384">
    <p class='ocr_par' dir='ltr' id='par_1_2' title="bbox 236 291 851 384">
     <span class='ocr_line' id='line_1_2' title="bbox 236 291 851 384; baseline 0.003 -22"><span class='ocrx_word' id='word_1_2' title='bbox 236 291 261 362; x_wconf 76' lang='lat' dir='ltr'><strong>d</strong></span> <span class='ocrx_word' id='word_1_3' title='bbox 690 312 851 384; x_wconf 71' lang='lat' dir='ltr'><strong>vannu</strong></span> 
     </span>
    </p>
   </div>
   <div class='ocr_carea' id='block_1_3' title="bbox 200 454 1342 3661">
    <p class='ocr_par' dir='ltr' id='par_1_3' title="bbox 200 454 1342 3661">
     <span class='ocr_line' id='line_1_3' title="bbox 239 454 1304 538; baseline -0.002 -18"><span class='ocrx_word' id='word_1_4' title='bbox 239 457 387 520; x_wconf 84' lang='lat' dir='ltr'><strong>Herculis</strong></span> <span class='ocrx_word' id='word_1_5' title='bbox 412 455 491 538; x_wconf 82' lang='lat' dir='ltr'><strong>lilio,</strong></span> <span class='ocrx_word' id='word_1_6' title='bbox 522 474 580 520; x_wconf 82' lang='lat' dir='ltr'><strong>eos</strong></span> <span class='ocrx_word' id='word_1_7' title='bbox 611 458 784 536; x_wconf 83' lang='lat' dir='ltr'><strong>appellatos</strong></span> <span class='ocrx_word' id='word_1_8' title='bbox 808 457 983 520; x_wconf 82' lang='lat' dir='ltr'><strong>&#39;l&#39;hessalus</strong></span> <span class='ocrx_word' id='word_1_9' title='bbox 1007 455 1106 537; x_wconf 86' lang='lat' dir='ltr'><strong>dicet,</strong></span> <span class='ocrx_word' id='word_1_10' title='bbox 1138 454 1304 518; x_wconf 77' lang='lat' dir='ltr'><strong>reddentis</strong></span> 
     </span>
     <span class='ocr_line' id='line_1_4' title="bbox 240 556 1304 639; baseline -0.002 -19"><span class='ocrx_word' id='word_1_11' title='bbox 240 559 303 624; x_wconf 85' lang='lat' dir='ltr'><strong>erit.</strong></span> <span class='ocrx_word' id='word_1_12' title='bbox 314 558 345 620; x_wconf 90' lang='lat' dir='ltr'><strong>ei</strong></span> <span class='ocrx_word' id='word_1_13' title='bbox 361 559 453 638; x_wconf 79' lang='lat' dir='ltr'><strong>ratio,</strong></span> <span class='ocrx_word' id='word_1_14' title='bbox 473 575 529 621; x_wconf 86' lang='lat' dir='ltr'><strong>cur</strong></span> <span class='ocrx_word' id='word_1_15' title='bbox 548 573 704 638; x_wconf 82' lang='lat' dir='ltr'><strong>nunquam</strong></span> <span class='ocrx_word' id='word_1_16' title='bbox 728 567 800 618; x_wconf 87' lang='lat' dir='ltr'><strong>ante</strong></span> <span class='ocrx_word' id='word_1_17' title='bbox 815 558 898 620; x_wconf 89' lang='lat' dir='ltr'><strong>hunc</strong></span> <span class='ocrx_word' id='word_1_18' title='bbox 917 561 1135 639; x_wconf 73' lang='lat' dir='ltr'><strong>insequentem</strong></span> <span class='ocrx_word' id='word_1_19' title='bbox 1153 556 1304 618; x_wconf 82' lang='lat' dir='ltr'><strong>&#39;l&#39;bessa-</strong></span> 
     </span>
     <span class='ocr_line' id='line_1_5' title="bbox 239 647 1305 742; baseline -0.004 -20"><span class='ocrx_word' id='word_1_20' title='bbox 239 661 302 722; x_wconf 88' lang='lat' dir='ltr'><strong>lum</strong></span> <span class='ocrx_word' id='word_1_21' title='bbox 322 676 468 742; x_wconf 70' lang='lat' dir='ltr'><strong>eugeus</strong></span> <span class='ocrx_word' id='word_1_22' title='bbox 487 659 518 722; x_wconf 93' lang='lat' dir='ltr'><strong>id</strong></span> <span class='ocrx_word' id='word_1_23' title='bbox 533 659 672 722; x_wconf 89' lang='lat' dir='ltr'><strong>&#39;nominis</strong></span> <span class='ocrx_word' id='word_1_24' title='bbox 703 659 911 736; x_wconf 76' lang='lat' dir='ltr'><strong>usurpaverit.</strong></span> <span class='ocrx_word' id='word_1_25' title='bbox 950 659 1047 720; x_wconf 86' lang='lat' dir='ltr'><strong>Paulo</strong></span> <span class='ocrx_word' id='word_1_26' title='bbox 1075 647 1149 718; x_wconf 88' lang='lat' dir='ltr'><strong>ante</strong></span> <span class='ocrx_word' id='word_1_27' title='bbox 1178 657 1305 739; x_wconf 86' lang='lat' dir='ltr'><strong>Aletes,</strong></span> 
     </span>
     <span class='ocr_line' id='line_1_6' title="bbox 241 756 1306 842; baseline -0.005 -18"><span class='ocrx_word' id='word_1_28' title='bbox 241 770 353 826; x_wconf 79' lang='lat' dir='ltr'><strong>sextus</strong></span> <span class='ocrx_word' id='word_1_29' title='bbox 375 761 414 822; x_wconf 90' lang='lat' dir='ltr'><strong>ab</strong></span> <span class='ocrx_word' id='word_1_30' title='bbox 434 759 590 838; x_wconf 85' lang='lat' dir='ltr'><strong>Hercule,</strong></span> <span class='ocrx_word' id='word_1_31' title='bbox 609 757 756 838; x_wconf 84' lang='lat' dir='ltr'><strong>Hippotis</strong></span> <span class='ocrx_word' id='word_1_32' title='bbox 777 756 876 839; x_wconf 87' lang='lat' dir='ltr'><strong>lilius,</strong></span> <span class='ocrx_word' id='word_1_33' title='bbox 896 757 1094 842; x_wconf 81' lang='lat' dir='ltr'>Corinthum,</span> <span class='ocrx_word' id='word_1_34' title='bbox 1116 776 1197 840; x_wconf 86' lang='lat' dir='ltr'><strong>qnae</strong></span> <span class='ocrx_word' id='word_1_35' title='bbox 1211 768 1306 822; x_wconf 87' lang='lat' dir='ltr'><strong>antea</strong></span> 
     </span>
     <span class='ocr_line' id='line_1_7' title="bbox 241 857 1305 942; baseline -0.004 -18"><span class='ocrx_word' id='word_1_36' title='bbox 241 862 342 925; x_wconf 75' lang='lat' dir='ltr'><strong>laterai</strong></span> <span class='ocrx_word' id='word_1_37' title='bbox 361 861 500 942; x_wconf 75' lang='lat' dir='ltr'><strong>Ephyre,</strong></span> <span class='ocrx_word' id='word_1_38' title='bbox 520 860 657 922; x_wconf 87' lang='lat' dir='ltr'><strong>claustra</strong></span> <span class='ocrx_word' id='word_1_39' title='bbox 668 857 881 939; x_wconf 77' lang='lat' dir='ltr'><strong>Peloponnesi</strong></span> <span class='ocrx_word' id='word_1_40' title='bbox 894 859 1120 940; x_wconf 86' lang='lat' dir='ltr'><strong>continentem,</strong></span> <span class='ocrx_word' id='word_1_41' title='bbox 1138 860 1170 920; x_wconf 92' lang='lat' dir='ltr'><strong>in</strong></span> <span class='ocrx_word' id='word_1_42' title='bbox 1184 859 1305 921; x_wconf 88' lang='lat' dir='ltr'><strong>isthmo</strong></span> 
     </span>
     <span class='ocr_line' id='line_1_8' title="bbox 241 957 1305 1042; baseline -0.006 -16"><span class='ocrx_word' id='word_1_43' title='bbox 241 961 388 1026; x_wconf 87' lang='lat' dir='ltr'><strong>condidit.</strong></span> <span class='ocrx_word' id='word_1_44' title='bbox 427 961 544 1042; x_wconf 83' lang='lat' dir='ltr'><strong>Neque</strong></span> <span class='ocrx_word' id='word_1_45' title='bbox 564 969 633 1039; x_wconf 89' lang='lat' dir='ltr'><strong>est,</strong></span> <span class='ocrx_word' id='word_1_46' title='bbox 654 957 737 1041; x_wconf 94' lang='lat' dir='ltr'><strong>quod</strong></span> <span class='ocrx_word' id='word_1_47' title='bbox 750 960 917 1040; x_wconf 81' lang='lat' dir='ltr'><strong>nairamnr,</strong></span> <span class='ocrx_word' id='word_1_48' title='bbox 935 959 974 1019; x_wconf 90' lang='lat' dir='ltr'><strong>ab</strong></span> <span class='ocrx_word' id='word_1_49' title='bbox 996 960 1136 1024; x_wconf 85' lang='lat' dir='ltr'><strong>Homero</strong></span> <span class='ocrx_word' id='word_1_50' title='bbox 1153 961 1305 1022; x_wconf 87' lang='lat' dir='ltr'><strong>nominari</strong></span> 
     </span>
     <span class='ocr_line' id='line_1_9' title="bbox 243 1061 1304 1141; baseline 0 -19"><span class='ocrx_word' id='word_1_51' title='bbox 243 1067 442 1124; x_wconf 73' lang='lat' dir='ltr'><strong>corinthon:</strong></span> <span class='ocrx_word' id='word_1_52' title='bbox 472 1077 543 1127; x_wconf 73' lang='lat' dir='ltr'><strong>nam</strong></span> <span class='ocrx_word' id='word_1_53' title='bbox 572 1078 615 1122; x_wconf 82' lang='lat' dir='ltr'><strong>ex</strong></span> <span class='ocrx_word' id='word_1_54' title='bbox 646 1079 784 1141; x_wconf 87' lang='lat' dir='ltr'><strong>persona</strong></span> <span class='ocrx_word' id='word_1_55' title='bbox 814 1064 927 1139; x_wconf 75' lang='lat' dir='ltr'><strong>potitae</strong></span> <span class='ocrx_word' id='word_1_56' title='bbox 961 1069 993 1121; x_wconf 88' lang='lat' dir='ltr'><strong>et</strong></span> <span class='ocrx_word' id='word_1_57' title='bbox 1014 1061 1095 1122; x_wconf 89' lang='lat' dir='ltr'><strong>hano</strong></span> <span class='ocrx_word' id='word_1_58' title='bbox 1118 1061 1243 1140; x_wconf 87' lang='lat' dir='ltr'><strong>urbem,</strong></span> <span class='ocrx_word' id='word_1_59' title='bbox 1270 1070 1304 1122; x_wconf 88' lang='lat' dir='ltr'><strong>et</strong></span> 
     </span>
     <span class='ocr_line' id='line_1_10' title="bbox 242 1160 1303 1247; baseline -0.003 -21"><span class='ocrx_word' id='word_1_60' title='bbox 242 1161 393 1243; x_wconf 81' lang='lat' dir='ltr'><strong>quasdam</strong></span> <span class='ocrx_word' id='word_1_61' title='bbox 422 1165 530 1224; x_wconf 88' lang='lat' dir='ltr'><strong>ionum</strong></span> <span class='ocrx_word' id='word_1_62' title='bbox 561 1163 719 1244; x_wconf 85' lang='lat' dir='ltr'><strong>colonias,</strong></span> <span class='ocrx_word' id='word_1_63' title='bbox 745 1161 785 1220; x_wconf 87' lang='lat' dir='ltr'><strong>iis</strong></span> <span class='ocrx_word' id='word_1_64' title='bbox 810 1160 986 1222; x_wconf 89' lang='lat' dir='ltr'><strong>nominibus</strong></span> <span class='ocrx_word' id='word_1_65' title='bbox 1011 1163 1162 1247; x_wconf 91' lang='lat' dir='ltr'><strong>appellat,</strong></span> <span class='ocrx_word' id='word_1_66' title='bbox 1191 1162 1303 1244; x_wconf 91' lang='lat' dir='ltr'><strong>quibus</strong></span> 
     </span>
     <span class='ocr_line' id='line_1_11' title="bbox 241 1261 1291 1342; baseline 0 -18"><span class='ocrx_word' id='word_1_67' title='bbox 241 1263 434 1328; x_wconf 68' lang='lat' dir='ltr'><strong>venenantur</strong></span> <span class='ocrx_word' id='word_1_68' title='bbox 454 1273 557 1326; x_wconf 86' lang='lat' dir='ltr'><strong>aetate</strong></span> <span class='ocrx_word' id='word_1_69' title='bbox 576 1263 664 1341; x_wconf 87' lang='lat' dir='ltr'><strong>eius,</strong></span> <span class='ocrx_word' id='word_1_70' title='bbox 683 1261 778 1322; x_wconf 91' lang='lat' dir='ltr'><strong>multo</strong></span> <span class='ocrx_word' id='word_1_71' title='bbox 794 1269 867 1342; x_wconf 91' lang='lat' dir='ltr'><strong>post</strong></span> <span class='ocrx_word' id='word_1_72' title='bbox 886 1262 974 1322; x_wconf 79' lang='lat' dir='ltr'><strong>llirnu</strong></span> <span class='ocrx_word' id='word_1_73' title='bbox 997 1271 1122 1342; x_wconf 86' lang='lat' dir='ltr'><strong>captum</strong></span> <span class='ocrx_word' id='word_1_74' title='bbox 1137 1263 1291 1326; x_wconf 88' lang='lat' dir='ltr'><strong>conditae.</strong></span> 
     </span>
     <span class='ocr_line' id='line_1_12' title="bbox 210 1349 1306 1438; baseline 0.002 -12"><span class='ocrx_word' id='word_1_75' title='bbox 210 1375 233 1438; x_wconf 83' lang='lat'><strong>4</strong></span> <span class='ocrx_word' id='word_1_76' title='bbox 318 1365 535 1426; x_wconf 70' lang='lat' dir='ltr'><strong>Athenienses</strong></span> <span class='ocrx_word' id='word_1_77' title='bbox 556 1362 588 1424; x_wconf 90' lang='lat' dir='ltr'><strong>in</strong></span> <span class='ocrx_word' id='word_1_78' title='bbox 614 1361 744 1424; x_wconf 82' lang='lat' dir='ltr'><strong>lluboea</strong></span> <span class='ocrx_word' id='word_1_79' title='bbox 769 1361 921 1424; x_wconf 83' lang='lat' dir='ltr'><strong>Chalcida</strong></span> <span class='ocrx_word' id='word_1_80' title='bbox 949 1372 980 1424; x_wconf 88' lang='lat' dir='ltr'><strong>et</strong></span> <span class='ocrx_word' id='word_1_81' title='bbox 1009 1349 1306 1428; x_wconf 76' lang='lat' dir='ltr'><strong>uretnnn&#39;eolonis</strong></span> 
     </span>
     <span class='ocr_line' id='line_1_13' title="bbox 242 1462 1305 1545; baseline 0.004 -19"><span class='ocrx_word' id='word_1_82' title='bbox 242 1481 457 1542; x_wconf 71' lang='lat' dir='ltr'><strong>occupavere,</strong></span> <span class='ocrx_word' id='word_1_83' title='bbox 476 1462 721 1526; x_wconf 79' lang='lat' dir='ltr'><strong>Lacedaemonii</strong></span> <span class='ocrx_word' id='word_1_84' title='bbox 733 1463 764 1524; x_wconf 94' lang='lat' dir='ltr'><strong>in</strong></span> <span class='ocrx_word' id='word_1_85' title='bbox 777 1463 858 1525; x_wconf 79' lang='lat' dir='ltr'><strong>Asia</strong></span> <span class='ocrx_word' id='word_1_86' title='bbox 871 1465 1082 1545; x_wconf 83' lang='lat' dir='ltr'><strong>Magnesiam.</strong></span> <span class='ocrx_word' id='word_1_87' title='bbox 1120 1464 1194 1528; x_wconf 88' lang='lat' dir='ltr'><strong>Neo</strong></span> <span class='ocrx_word' id='word_1_88' title='bbox 1209 1467 1305 1530; x_wconf 87' lang='lat' dir='ltr'><strong>multo</strong></span> 
     </span>
     <span class='ocr_line' id='line_1_14' title="bbox 241 1561 1304 1648; baseline 0 -21"><span class='ocrx_word' id='word_1_89' title='bbox 241 1574 312 1646; x_wconf 88' lang='lat' dir='ltr'><strong>post</strong></span> <span class='ocrx_word' id='word_1_90' title='bbox 335 1561 584 1648; x_wconf 76' lang='lat' dir='ltr'><strong>Chalcidenses,</strong></span> <span class='ocrx_word' id='word_1_91' title='bbox 611 1564 686 1643; x_wconf 85' lang='lat' dir='ltr'><strong>oni,</strong></span> <span class='ocrx_word' id='word_1_92' title='bbox 705 1573 739 1626; x_wconf 92' lang='lat' dir='ltr'><strong>ut</strong></span> <span class='ocrx_word' id='word_1_93' title='bbox 760 1565 994 1645; x_wconf 75' lang='lat' dir='ltr'><strong>praediximus,</strong></span> <span class='ocrx_word' id='word_1_94' title='bbox 1013 1566 1129 1628; x_wconf 86' lang='lat' dir='ltr'><strong>Atticis</strong></span> <span class='ocrx_word' id='word_1_95' title='bbox 1148 1567 1304 1647; x_wconf 85' lang='lat' dir='ltr'><strong>Hippocle</strong></span> 
     </span>
     <span class='ocr_line' id='line_1_15' title="bbox 242 1663 1304 1748; baseline 0 -20"><span class='ocrx_word' id='word_1_96' title='bbox 242 1674 273 1728; x_wconf 86' lang='lat' dir='ltr'><strong>et</strong></span> <span class='ocrx_word' id='word_1_97' title='bbox 285 1663 499 1746; x_wconf 77' lang='lat' dir='ltr'><strong>Megasthene</strong></span> <span class='ocrx_word' id='word_1_98' title='bbox 516 1663 666 1748; x_wconf 85' lang='lat' dir='ltr'><strong>ducibus,</strong></span> <span class='ocrx_word' id='word_1_99' title='bbox 683 1666 806 1729; x_wconf 52' lang='lat' dir='ltr'><strong>*Cumas</strong></span> <span class='ocrx_word' id='word_1_100' title='bbox 822 1666 853 1728; x_wconf 92' lang='lat' dir='ltr'><strong>iu</strong></span> <span class='ocrx_word' id='word_1_101' title='bbox 870 1667 960 1728; x_wconf 85' lang='lat' dir='ltr'><strong>ltalia·</strong></span> <span class='ocrx_word' id='word_1_102' title='bbox 970 1667 1183 1732; x_wconf 88' lang='lat' dir='ltr'><strong>condiderunt</strong></span> <span class='ocrx_word' id='word_1_103' title='bbox 1201 1669 1304 1730; x_wconf 85' lang='lat' dir='ltr'><strong>Huius</strong></span> 
     </span>
     <span class='ocr_line' id='line_1_16' title="bbox 241 1766 1305 1854; baseline 0 -24"><span class='ocrx_word' id='word_1_104' title='bbox 241 1766 357 1854; x_wconf 76' lang='lat' dir='ltr'><strong>classis</strong></span> <span class='ocrx_word' id='word_1_105' title='bbox 383 1782 515 1828; x_wconf 86' lang='lat' dir='ltr'><strong>cursum</strong></span> <span class='ocrx_word' id='word_1_106' title='bbox 540 1783 617 1828; x_wconf 86' lang='lat' dir='ltr'><strong>esse</strong></span> <span class='ocrx_word' id='word_1_107' title='bbox 645 1767 798 1830; x_wconf 86' lang='lat' dir='ltr'><strong>directum</strong></span> <span class='ocrx_word' id='word_1_108' title='bbox 820 1769 890 1828; x_wconf 75' lang='lat' dir='ltr'><strong>alii</strong></span> <span class='ocrx_word' id='word_1_109' title='bbox 907 1773 1066 1830; x_wconf 78' lang='lat' dir='ltr'><strong>columboe</strong></span> <span class='ocrx_word' id='word_1_110' title='bbox 1095 1776 1305 1830; x_wconf 75' lang='lat' dir='ltr'><strong>antecedentia</strong></span> 
     </span>
     <span class='ocr_line' id='line_1_17' title="bbox 241 1865 1306 1950; baseline 0.006 -24"><span class='ocrx_word' id='word_1_111' title='bbox 241 1871 348 1930; x_wconf 83' lang='lat' dir='ltr'><strong>volatu</strong></span> <span class='ocrx_word' id='word_1_112' title='bbox 374 1865 495 1950; x_wconf 82' lang='lat' dir='ltr'><strong>lerunt,</strong></span> <span class='ocrx_word' id='word_1_113' title='bbox 524 1866 574 1928; x_wconf 87' lang='lat' dir='ltr'><strong>alii</strong></span> <span class='ocrx_word' id='word_1_114' title='bbox 593 1878 748 1928; x_wconf 80' lang='lat' dir='ltr'><strong>nonturno</strong></span> <span class='ocrx_word' id='word_1_115' title='bbox 768 1875 852 1928; x_wconf 80' lang='lat' dir='ltr'><strong>aeria</strong></span> <span class='ocrx_word' id='word_1_116' title='bbox 873 1886 968 1942; x_wconf 82' lang='lat' dir='ltr'><strong>nono,</strong></span> <span class='ocrx_word' id='word_1_117' title='bbox 1000 1868 1101 1949; x_wconf 88' lang='lat' dir='ltr'><strong>qualis</strong></span> <span class='ocrx_word' id='word_1_118' title='bbox 1120 1867 1306 1932; x_wconf 77' lang='lat' dir='ltr'><strong>Cerealibus</strong></span> 
     </span>
     <span class='ocr_line' id='line_1_18' title="bbox 244 1949 1321 2047; baseline 0 -19"><span class='ocrx_word' id='word_1_119' title='bbox 244 1966 346 2028; x_wconf 88' lang='lat' dir='ltr'><strong>sacris</strong></span> <span class='ocrx_word' id='word_1_120' title='bbox 366 1965 444 2028; x_wconf 91' lang='lat' dir='ltr'><strong>cieri</strong></span> <span class='ocrx_word' id='word_1_121' title='bbox 467 1967 557 2028; x_wconf 88' lang='lat' dir='ltr'><strong>solet.</strong></span> <span class='ocrx_word' id='word_1_122' title='bbox 596 1965 678 2028; x_wconf 85' lang='lat' dir='ltr'><strong>Pars</strong></span> <span class='ocrx_word' id='word_1_123' title='bbox 704 1965 813 2028; x_wconf 84' lang='lat' dir='ltr'><strong>horum</strong></span> <span class='ocrx_word' id='word_1_124' title='bbox 835 1967 950 2028; x_wconf 88' lang='lat' dir='ltr'><strong>civium</strong></span> <span class='ocrx_word' id='word_1_125' title='bbox 977 1949 1093 2046; x_wconf 56' lang='lat' dir='ltr'><strong>maduo</strong></span> <span class='ocrx_word' id='word_1_126' title='bbox 1115 1980 1188 2047; x_wconf 87' lang='lat' dir='ltr'><strong>post</strong></span> <span class='ocrx_word' id='word_1_127' title='bbox 1206 1971 1321 2032; x_wconf 85' lang='lat' dir='ltr'><strong>inter-.</strong></span> 
     </span>
     <span class='ocr_line' id='line_1_19' title="bbox 243 2065 1305 2150; baseline 0.007 -24"><span class='ocrx_word' id='word_1_128' title='bbox 243 2067 325 2130; x_wconf 85' lang='lat' dir='ltr'><strong>vallo</strong></span> <span class='ocrx_word' id='word_1_129' title='bbox 345 2067 512 2147; x_wconf 75' lang='lat' dir='ltr'><strong>Neapolim</strong></span> <span class='ocrx_word' id='word_1_130' title='bbox 539 2065 686 2128; x_wconf 79' lang='lat' dir='ltr'><strong>condidit.</strong></span> <span class='ocrx_word' id='word_1_131' title='bbox 725 2066 896 2147; x_wconf 83' lang='lat' dir='ltr'><strong>Utriusque</strong></span> <span class='ocrx_word' id='word_1_132' title='bbox 917 2067 1004 2128; x_wconf 87' lang='lat' dir='ltr'><strong>urbis</strong></span> <span class='ocrx_word' id='word_1_133' title='bbox 1034 2066 1149 2129; x_wconf 86' lang='lat' dir='ltr'><strong>eximia</strong></span> <span class='ocrx_word' id='word_1_134' title='bbox 1177 2086 1305 2150; x_wconf 88' lang='lat' dir='ltr'><strong>semper</strong></span> 
     </span>
     <span class='ocr_line' id='line_1_20' title="bbox 241 2165 1304 2248; baseline 0.005 -20"><span class='ocrx_word' id='word_1_135' title='bbox 241 2170 273 2230; x_wconf 92' lang='lat' dir='ltr'><strong>in</strong></span> <span class='ocrx_word' id='word_1_136' title='bbox 296 2167 458 2230; x_wconf 81' lang='lat' dir='ltr'><strong>Romanos</strong></span> <span class='ocrx_word' id='word_1_137' title='bbox 474 2165 556 2228; x_wconf 85' lang='lat' dir='ltr'><strong>fides</strong></span> <span class='ocrx_word' id='word_1_138' title='bbox 573 2165 648 2227; x_wconf 86' lang='lat' dir='ltr'><strong>lacit</strong></span> <span class='ocrx_word' id='word_1_139' title='bbox 674 2183 730 2226; x_wconf 85' lang='lat' dir='ltr'><strong>eas</strong></span> <span class='ocrx_word' id='word_1_140' title='bbox 749 2165 905 2228; x_wconf 91' lang='lat' dir='ltr'><strong>nobilitate</strong></span> <span class='ocrx_word' id='word_1_141' title='bbox 927 2176 1021 2248; x_wconf 87' lang='lat' dir='ltr'><strong>atque</strong></span> <span class='ocrx_word' id='word_1_142' title='bbox 1040 2169 1227 2231; x_wconf 84' lang='lat' dir='ltr'><strong>amoenitate</strong></span> <span class='ocrx_word' id='word_1_143' title='bbox 1246 2187 1304 2233; x_wconf 88' lang='lat' dir='ltr'><strong>sua</strong></span> 
     </span>
     <span class='ocr_line' id='line_1_21' title="bbox 243 2255 1306 2351; baseline -0.004 -18"><span class='ocrx_word' id='word_1_144' title='bbox 243 2268 457 2351; x_wconf 79' lang='lat' dir='ltr'><strong>dignissimas.</strong></span> <span class='ocrx_word' id='word_1_145' title='bbox 497 2266 564 2332; x_wconf 83' lang='lat' dir='ltr'><strong>Sed</strong></span> <span class='ocrx_word' id='word_1_146' title='bbox 581 2255 648 2329; x_wconf 84' lang='lat' dir='ltr'><strong>&#39;illia</strong></span> <span class='ocrx_word' id='word_1_147' title='bbox 662 2266 840 2349; x_wconf 82' lang='lat' dir='ltr'><strong>diligentior</strong></span> <span class='ocrx_word' id='word_1_148' title='bbox 859 2267 937 2330; x_wconf 87' lang='lat' dir='ltr'><strong>ritus</strong></span> <span class='ocrx_word' id='word_1_149' title='bbox 956 2269 1047 2348; x_wconf 83' lang='lat' dir='ltr'><strong>patrii</strong></span> <span class='ocrx_word' id='word_1_150' title='bbox 1062 2268 1176 2331; x_wconf 92' lang='lat' dir='ltr'><strong>mansit</strong></span> <span class='ocrx_word' id='word_1_151' title='bbox 1194 2278 1306 2330; x_wconf 85' lang='lat' dir='ltr'><strong>eusto-</strong></span> 
     </span>
     <span class='ocr_line' id='line_1_22' title="bbox 243 2367 1305 2452; baseline -0.005 -18"><span class='ocrx_word' id='word_1_152' title='bbox 243 2369 309 2452; x_wconf 73' lang='lat' dir='ltr'><strong>dia,</strong></span> <span class='ocrx_word' id='word_1_153' title='bbox 333 2369 493 2434; x_wconf 84' lang='lat' dir='ltr'><strong>Cumanos</strong></span> <span class='ocrx_word' id='word_1_154' title='bbox 521 2369 608 2434; x_wconf 87' lang='lat' dir='ltr'><strong>Osca</strong></span> <span class='ocrx_word' id='word_1_155' title='bbox 630 2368 761 2432; x_wconf 88' lang='lat' dir='ltr'><strong>mutavit</strong></span> <span class='ocrx_word' id='word_1_156' title='bbox 780 2367 895 2430; x_wconf 85' lang='lat' dir='ltr'><strong>vicina.</strong></span> <span class='ocrx_word' id='word_1_157' title='bbox 934 2367 1032 2430; x_wconf 87' lang='lat' dir='ltr'><strong>Vires</strong></span> <span class='ocrx_word' id='word_1_158' title='bbox 1053 2377 1155 2431; x_wconf 90' lang='lat' dir='ltr'><strong>autem</strong></span> <span class='ocrx_word' id='word_1_159' title='bbox 1175 2377 1305 2430; x_wconf 85' lang='lat' dir='ltr'><strong>veteres</strong></span> 
     </span>
     <span class='ocr_line' id='line_1_23' title="bbox 200 2469 1305 2553; baseline -0.001 -21"><span class='ocrx_word' id='word_1_160' title='bbox 200 2482 202 2488; x_wconf 85' lang='lat'>&#39;</span> <span class='ocrx_word' id='word_1_161' title='bbox 244 2488 351 2534; x_wconf 82' lang='lat' dir='ltr'><strong>earum</strong></span> <span class='ocrx_word' id='word_1_162' title='bbox 370 2469 490 2530; x_wconf 85' lang='lat' dir='ltr'><strong>urbium</strong></span> <span class='ocrx_word' id='word_1_163' title='bbox 503 2470 660 2550; x_wconf 82' lang='lat' dir='ltr'><strong>hodieque</strong></span> <span class='ocrx_word' id='word_1_164' title='bbox 681 2469 861 2553; x_wconf 82' lang='lat' dir='ltr'><strong>magnitudo</strong></span> <span class='ocrx_word' id='word_1_165' title='bbox 877 2478 1013 2533; x_wconf 87' lang='lat' dir='ltr'><strong>ostentat</strong></span> <span class='ocrx_word' id='word_1_166' title='bbox 1030 2471 1196 2532; x_wconf 89' lang='lat' dir='ltr'><strong>moenium.</strong></span> <span class='ocrx_word' id='word_1_167' title='bbox 1217 2470 1305 2533; x_wconf 89' lang='lat' dir='ltr'><strong>Sub-</strong></span> 
     </span>
     <span class='ocr_line' id='line_1_24' title="bbox 242 2567 1305 2654; baseline -0.001 -22"><span class='ocrx_word' id='word_1_168' title='bbox 242 2568 388 2650; x_wconf 84' lang='lat' dir='ltr'><strong>sequenti</strong></span> <span class='ocrx_word' id='word_1_169' title='bbox 411 2577 550 2648; x_wconf 85' lang='lat' dir='ltr'><strong>tempore</strong></span> <span class='ocrx_word' id='word_1_170' title='bbox 570 2587 686 2650; x_wconf 84' lang='lat' dir='ltr'><strong>magna</strong></span> <span class='ocrx_word' id='word_1_171' title='bbox 704 2572 755 2632; x_wconf 92' lang='lat' dir='ltr'><strong>vis</strong></span> <span class='ocrx_word' id='word_1_172' title='bbox 777 2567 923 2634; x_wconf 84' lang='lat' dir='ltr'><strong>Graeooe</strong></span> <span class='ocrx_word' id='word_1_173' title='bbox 942 2572 1122 2654; x_wconf 85' lang='lat' dir='ltr'><strong>iuventutis,</strong></span> <span class='ocrx_word' id='word_1_174' title='bbox 1143 2570 1305 2634; x_wconf 88' lang='lat' dir='ltr'><strong>abundau-</strong></span> 
     </span>
     <span class='ocr_line' id='line_1_25' title="bbox 244 2666 1305 2754; baseline 0 -21"><span class='ocrx_word' id='word_1_175' title='bbox 244 2669 286 2734; x_wconf 86' lang='lat' dir='ltr'><strong>lla</strong></span> <span class='ocrx_word' id='word_1_176' title='bbox 312 2667 423 2732; x_wconf 79' lang='lat' dir='ltr'><strong>uirium</strong></span> <span class='ocrx_word' id='word_1_177' title='bbox 453 2666 552 2730; x_wconf 89' lang='lat' dir='ltr'><strong>sedes</strong></span> <span class='ocrx_word' id='word_1_178' title='bbox 581 2670 779 2754; x_wconf 83' lang='lat' dir='ltr'><strong>quaeritans,</strong></span> <span class='ocrx_word' id='word_1_179' title='bbox 809 2673 840 2732; x_wconf 90' lang='lat' dir='ltr'><strong>in</strong></span> <span class='ocrx_word' id='word_1_180' title='bbox 868 2673 979 2734; x_wconf 85' lang='lat' dir='ltr'><strong>Asiam</strong></span> <span class='ocrx_word' id='word_1_181' title='bbox 1003 2690 1039 2732; x_wconf 87' lang='lat' dir='ltr'><strong>se</strong></span> <span class='ocrx_word' id='word_1_182' title='bbox 1063 2671 1180 2733; x_wconf 84' lang='lat' dir='ltr'><strong>ellirdit.</strong></span> <span class='ocrx_word' id='word_1_183' title='bbox 1220 2673 1305 2733; x_wconf 86' lang='lat' dir='ltr'><strong>Nam</strong></span> 
     </span>
     <span class='ocr_line' id='line_1_26' title="bbox 244 2767 1305 2854; baseline 0.002 -23"><span class='ocrx_word' id='word_1_184' title='bbox 244 2779 276 2832; x_wconf 87' lang='lat' dir='ltr'><strong>et</strong></span> <span class='ocrx_word' id='word_1_185' title='bbox 297 2771 409 2854; x_wconf 84' lang='lat' dir='ltr'><strong>lones,</strong></span> <span class='ocrx_word' id='word_1_186' title='bbox 431 2767 511 2834; x_wconf 90' lang='lat' dir='ltr'><strong>duce</strong></span> <span class='ocrx_word' id='word_1_187' title='bbox 529 2770 604 2832; x_wconf 90' lang='lat' dir='ltr'><strong>lone</strong></span> <span class='ocrx_word' id='word_1_188' title='bbox 625 2768 757 2850; x_wconf 82' lang='lat' dir='ltr'><strong>proiecti</strong></span> <span class='ocrx_word' id='word_1_189' title='bbox 770 2772 923 2854; x_wconf 81' lang='lat' dir='ltr'><strong>Athenis,</strong></span> <span class='ocrx_word' id='word_1_190' title='bbox 944 2771 1172 2833; x_wconf 60' lang='lat' dir='ltr'><strong>nobilissimam*</strong></span> <span class='ocrx_word' id='word_1_191' title='bbox 1185 2781 1305 2853; x_wconf 85' lang='lat' dir='ltr'><strong>partem</strong></span> 
     </span>
     <span class='ocr_line' id='line_1_27' title="bbox 244 2870 1305 2956; baseline 0.002 -22"><span class='ocrx_word' id='word_1_192' title='bbox 244 2870 384 2952; x_wconf 77' lang='lat' dir='ltr'><strong>regionis</strong></span> <span class='ocrx_word' id='word_1_193' title='bbox 404 2871 575 2934; x_wconf 86' lang='lat' dir='ltr'><strong>maritimae</strong></span> <span class='ocrx_word' id='word_1_194' title='bbox 599 2889 816 2955; x_wconf 84' lang='lat' dir='ltr'><strong>occupavere,</strong></span> <span class='ocrx_word' id='word_1_195' title='bbox 853 2891 933 2954; x_wconf 91' lang='lat' dir='ltr'><strong>quae</strong></span> <span class='ocrx_word' id='word_1_196' title='bbox 955 2871 1110 2954; x_wconf 89' lang='lat' dir='ltr'><strong>hodieque</strong></span> <span class='ocrx_word' id='word_1_197' title='bbox 1134 2875 1305 2956; x_wconf 85' lang='lat' dir='ltr'><strong>appellatur</strong></span> 
     </span>
     <span class='ocr_line' id='line_1_28' title="bbox 243 2973 1306 3062; baseline 0.007 -30"><span class='ocrx_word' id='word_1_198' title='bbox 243 2973 344 3054; x_wconf 89' lang='lat' dir='ltr'><strong>lonia,·</strong></span> <span class='ocrx_word' id='word_1_199' title='bbox 367 2973 526 3055; x_wconf 84' lang='lat' dir='ltr'><strong>urbesque</strong></span> <span class='ocrx_word' id='word_1_200' title='bbox 545 2973 735 3036; x_wconf 79' lang='lat' dir='ltr'><strong>cottatituene</strong></span> <span class='ocrx_word' id='word_1_201' title='bbox 749 2974 921 3057; x_wconf 73' lang='lat' dir='ltr'><strong>Ephesum,</strong></span> <span class='ocrx_word' id='word_1_202' title='bbox 940 2973 1093 3059; x_wconf 87' lang='lat' dir='ltr'><strong>Miletum,</strong></span> <span class='ocrx_word' id='word_1_203' title='bbox 1113 2975 1306 3062; x_wconf 78' lang='lat' dir='ltr'><strong>Colophona,</strong></span> 
     </span>
     <span class='ocr_line' id='line_1_29' title="bbox 244 3069 1305 3159; baseline 0.005 -25"><span class='ocrx_word' id='word_1_204' title='bbox 244 3073 394 3153; x_wconf 80' lang='lat' dir='ltr'><strong>Prienen,</strong></span> <span class='ocrx_word' id='word_1_205' title='bbox 417 3073 600 3158; x_wconf 78' lang='lat' dir='ltr'><strong>Lebedum,</strong></span> <span class='ocrx_word' id='word_1_206' title='bbox 620 3075 796 3158; x_wconf 85' lang='lat' dir='ltr'><strong>Myuntem,</strong></span> <span class='ocrx_word' id='word_1_207' title='bbox 815 3076 969 3155; x_wconf 62' lang='lat' dir='ltr'><strong>(Tenon)</strong></span> <span class='ocrx_word' id='word_1_208' title='bbox 990 3069 1167 3159; x_wconf 73' lang='lat' dir='ltr'><strong>Erythram,</strong></span> <span class='ocrx_word' id='word_1_209' title='bbox 1185 3077 1305 3140; x_wconf 81' lang='lat' dir='ltr'><strong>Clazo-</strong></span> 
     </span>
     <span class='ocr_line' id='line_1_30' title="bbox 245 3174 1306 3258; baseline 0.002 -20"><span class='ocrx_word' id='word_1_210' title='bbox 245 3192 375 3257; x_wconf 86' lang='lat' dir='ltr'><strong>menas,</strong></span> <span class='ocrx_word' id='word_1_211' title='bbox 393 3174 590 3256; x_wconf 71' lang='lat' dir='ltr'><strong>Phocaeam,</strong></span> <span class='ocrx_word' id='word_1_212' title='bbox 615 3176 791 3257; x_wconf 87' lang='lat' dir='ltr'><strong>multasque</strong></span> <span class='ocrx_word' id='word_1_213' title='bbox 816 3176 951 3255; x_wconf 84' lang='lat' dir='ltr'><strong>Aegaeo</strong></span> <span class='ocrx_word' id='word_1_214' title='bbox 973 3185 1067 3258; x_wconf 91' lang='lat' dir='ltr'><strong>atque</strong></span> <span class='ocrx_word' id='word_1_215' title='bbox 1085 3176 1186 3237; x_wconf 84' lang='lat' dir='ltr'><strong>Icario</strong></span> <span class='ocrx_word' id='word_1_216' title='bbox 1205 3196 1306 3240; x_wconf 88' lang='lat' dir='ltr'><strong>occu-</strong></span> 
     </span>
     <span class='ocr_line' id='line_1_31' title="bbox 246 3273 1305 3361; baseline -0.001 -21"><span class='ocrx_word' id='word_1_217' title='bbox 246 3291 364 3357; x_wconf 84' lang='lat' dir='ltr'><strong>pavere</strong></span> <span class='ocrx_word' id='word_1_218' title='bbox 383 3275 519 3359; x_wconf 86' lang='lat' dir='ltr'><strong>insulas,</strong></span> <span class='ocrx_word' id='word_1_219' title='bbox 540 3276 687 3357; x_wconf 82' lang='lat' dir='ltr'><strong>Samum,</strong></span> <span class='ocrx_word' id='word_1_220' title='bbox 707 3273 834 3352; x_wconf 87' lang='lat' dir='ltr'><strong>Chium,</strong></span> <span class='ocrx_word' id='word_1_221' title='bbox 853 3275 1012 3358; x_wconf 88' lang='lat' dir='ltr'><strong>Andrum,</strong></span> <span class='ocrx_word' id='word_1_222' title='bbox 1029 3278 1160 3361; x_wconf 73' lang='lat' dir='ltr'><strong>Tenum,</strong></span> <span class='ocrx_word' id='word_1_223' title='bbox 1179 3277 1305 3360; x_wconf 87' lang='lat' dir='ltr'><strong>Parum,</strong></span> 
     </span>
     <span class='ocr_line' id='line_1_32' title="bbox 246 3373 1306 3460; baseline 0 -20"><span class='ocrx_word' id='word_1_224' title='bbox 246 3375 373 3460; x_wconf 83' lang='lat' dir='ltr'><strong>Delma,</strong></span> <span class='ocrx_word' id='word_1_225' title='bbox 395 3373 536 3456; x_wconf 88' lang='lat' dir='ltr'><strong>aliasque</strong></span> <span class='ocrx_word' id='word_1_226' title='bbox 560 3375 732 3458; x_wconf 74' lang='lat' dir='ltr'><strong>ignobiles,</strong></span> <span class='ocrx_word' id='word_1_227' title='bbox 752 3385 783 3438; x_wconf 90' lang='lat' dir='ltr'><strong>et</strong></span> <span class='ocrx_word' id='word_1_228' title='bbox 808 3393 885 3437; x_wconf 89' lang='lat' dir='ltr'><strong>mox</strong></span> <span class='ocrx_word' id='word_1_229' title='bbox 903 3377 1025 3460; x_wconf 88' lang='lat' dir='ltr'><strong>Aeolii,</strong></span> <span class='ocrx_word' id='word_1_230' title='bbox 1045 3377 1156 3439; x_wconf 85' lang='lat' dir='ltr'><strong>eadem</strong></span> <span class='ocrx_word' id='word_1_231' title='bbox 1173 3379 1306 3458; x_wconf 83' lang='lat' dir='ltr'><strong>profecti</strong></span> 
     </span>
     <span class='ocr_line' id='line_1_33' title="bbox 247 3474 1342 3560; baseline -0.002 -20"><span class='ocrx_word' id='word_1_232' title='bbox 247 3474 393 3560; x_wconf 83' lang='lat' dir='ltr'><strong>Graecia,</strong></span> <span class='ocrx_word' id='word_1_233' title='bbox 413 3475 670 3556; x_wconf 85' lang='lat' dir='ltr'><strong>longissimisque</strong></span> <span class='ocrx_word' id='word_1_234' title='bbox 692 3476 753 3538; x_wconf 89' lang='lat' dir='ltr'><strong>aeti</strong></span> <span class='ocrx_word' id='word_1_235' title='bbox 771 3476 945 3558; x_wconf 85' lang='lat' dir='ltr'><strong>erroribus,</strong></span> <span class='ocrx_word' id='word_1_236' title='bbox 965 3497 1026 3541; x_wconf 91' lang='lat' dir='ltr'><strong>non</strong></span> <span class='ocrx_word' id='word_1_237' title='bbox 1046 3477 1148 3538; x_wconf 90' lang='lat' dir='ltr'><strong>minus</strong></span> <span class='ocrx_word' id='word_1_238' title='bbox 1167 3479 1303 3539; x_wconf 88' lang='lat' dir='ltr'><strong>illustres</strong></span> <span class='ocrx_word' id='word_1_239' title='bbox 1319 3479 1342 3523; x_wconf 82' lang='lat'><strong>·&#39;</strong></span> 
     </span>
     <span class='ocr_line' id='line_1_34' title="bbox 247 3576 1304 3661; baseline -0.001 -22"><span class='ocrx_word' id='word_1_240' title='bbox 247 3577 441 3642; x_wconf 85' lang='lat' dir='ltr'><strong>obtinuerunt</strong></span> <span class='ocrx_word' id='word_1_241' title='bbox 461 3576 565 3661; x_wconf 89' lang='lat' dir='ltr'><strong>locos,</strong></span> <span class='ocrx_word' id='word_1_242' title='bbox 592 3577 757 3657; x_wconf 87' lang='lat' dir='ltr'><strong>clarasque</strong></span> <span class='ocrx_word' id='word_1_243' title='bbox 779 3578 874 3640; x_wconf 89' lang='lat' dir='ltr'><strong>urbes</strong></span> <span class='ocrx_word' id='word_1_244' title='bbox 896 3578 1100 3641; x_wconf 87' lang='lat' dir='ltr'><strong>condiderunt</strong></span> <span class='ocrx_word' id='word_1_245' title='bbox 1125 3577 1304 3657; x_wconf 88' lang='lat' dir='ltr'><strong>Smyrnam,</strong></span> 
     </span>
    </p>
   </div>
   <div class='ocr_carea' id='block_1_4' title="bbox 245 3707 474 3726">
    <p class='ocr_par' dir='ltr' id='par_1_4' title="bbox 245 3707 474 3726">
     <span class='ocr_line' id='line_1_35' title="bbox 245 3707 474 3726; baseline -0.004 -5"><span class='ocrx_word' id='word_1_246' title='bbox 245 3707 474 3726; x_wconf 52' lang='grc' dir='ltr'><strong>ψ</strong></span> 
     </span>
    </p>
   </div>
   <div class='ocr_carea' id='block_1_5' title="bbox 246 3776 1307 4296">
    <p class='ocr_par' dir='ltr' id='par_1_5' title="bbox 246 3776 1307 4296">
     <span class='ocr_line' id='line_1_36' title="bbox 315 3776 1304 3845; baseline -0.009 -17"><span class='ocrx_word' id='word_1_247' title='bbox 315 3779 341 3828; x_wconf 85' lang='grc'><strong>4.</strong></span> <span class='ocrx_word' id='word_1_248' title='bbox 378 3780 444 3832; x_wconf 88' lang='lat' dir='ltr'><strong>illia.</strong></span> <span class='ocrx_word' id='word_1_249' title='bbox 468 3778 543 3828; x_wconf 86' lang='lat' dir='ltr'><strong>libri:</strong></span> <span class='ocrx_word' id='word_1_250' title='bbox 561 3777 638 3830; x_wconf 79' lang='lat' dir='ltr'><strong>aliis.</strong></span> <span class='ocrx_word' id='word_1_251' title='bbox 653 3778 750 3845; x_wconf 67' lang='lat' dir='ltr'><strong>„illiq</strong></span> <span class='ocrx_word' id='word_1_252' title='bbox 767 3776 877 3827; x_wconf 89' lang='lat' dir='ltr'><strong>sollioet</strong></span> <span class='ocrx_word' id='word_1_253' title='bbox 892 3776 1088 3839; x_wconf 85' lang='lat' dir='ltr'><strong>Neapolitanis,</strong></span> <span class='ocrx_word' id='word_1_254' title='bbox 1107 3776 1177 3836; x_wconf 88' lang='lat' dir='ltr'><strong>quod</strong></span> <span class='ocrx_word' id='word_1_255' title='bbox 1189 3787 1223 3823; x_wconf 89' lang='lat' dir='ltr'><strong>ex</strong></span> <span class='ocrx_word' id='word_1_256' title='bbox 1234 3783 1304 3820; x_wconf 83' lang='lat' dir='ltr'><strong>voce</strong></span> 
     </span>
     <span class='ocr_line' id='line_1_37' title="bbox 246 3861 1306 3930; baseline -0.007 -16"><span class='ocrx_word' id='word_1_257' title='bbox 246 3862 395 3928; x_wconf 75' lang='lat' dir='ltr'><strong>ll&#39;ennolim</strong></span> <span class='ocrx_word' id='word_1_258' title='bbox 412 3868 615 3930; x_wconf 81' lang='lat' dir='ltr'><strong>assumendum,</strong></span> <span class='ocrx_word' id='word_1_259' title='bbox 645 3877 721 3916; x_wconf 87' lang='lat' dir='ltr'><strong>more</strong></span> <span class='ocrx_word' id='word_1_260' title='bbox 743 3867 881 3930; x_wconf 84' lang='lat' dir='ltr'><strong>utriusque</strong></span> <span class='ocrx_word' id='word_1_261' title='bbox 907 3865 1017 3926; x_wconf 74' lang='lat' dir='ltr'><strong>linguae</strong></span> <span class='ocrx_word' id='word_1_262' title='bbox 1038 3863 1218 3924; x_wconf 83' lang='lat' dir='ltr'><strong>scriptoribus</strong></span> <span class='ocrx_word' id='word_1_263' title='bbox 1237 3861 1306 3910; x_wconf 83' lang='lat' dir='ltr'><strong>satis</strong></span> 
     </span>
     <span class='ocr_line' id='line_1_38' title="bbox 248 3941 1307 4020; baseline -0.008 -14"><span class='ocrx_word' id='word_1_264' title='bbox 248 3949 373 4002; x_wconf 74' lang='lat' dir='ltr'><strong>usital⁰·&#39;&#39;</strong></span> <span class='ocrx_word' id='word_1_265' title='bbox 407 3957 496 4020; x_wconf 69' lang='lat' dir='ltr'><strong>llll,</strong></span> <span class='ocrx_word' id='word_1_266' title='bbox 514 3968 590 4020; x_wconf 88' lang='lat' dir='ltr'><strong>quom</strong></span> <span class='ocrx_word' id='word_1_267' title='bbox 608 3955 678 4004; x_wconf 86' lang='lat' dir='ltr'><strong>vide.</strong></span> <span class='ocrx_word' id='word_1_268' title='bbox 696 3977 731 3990; x_wconf 89' lang='lat'>-</span> <span class='ocrx_word' id='word_1_269' title='bbox 746 3955 860 4020; x_wconf 72' lang='lat' dir='ltr'><strong>„Teum</strong></span> <span class='ocrx_word' id='word_1_270' title='bbox 875 3953 960 4002; x_wconf 83' lang='lat' dir='ltr'><strong>inseri</strong></span> <span class='ocrx_word' id='word_1_271' title='bbox 977 3951 1038 4002; x_wconf 86' lang='lat' dir='ltr'><strong>vult</strong></span> <span class='ocrx_word' id='word_1_272' title='bbox 1050 3941 1189 4002; x_wconf 57' lang='lat' dir='ltr'><strong>Vossius,</strong></span> <span class='ocrx_word' id='word_1_273' title='bbox 1210 3949 1307 4011; x_wconf 80' lang='lat' dir='ltr'><strong>Recte,</strong></span> 
     </span>
     <span class='ocr_line' id='line_1_39' title="bbox 247 4038 1306 4101; baseline -0.002 -11"><span class='ocrx_word' id='word_1_274' title='bbox 247 4041 386 4101; x_wconf 81' lang='lat' dir='ltr'><strong>Nunquam</strong></span> <span class='ocrx_word' id='word_1_275' title='bbox 405 4046 475 4094; x_wconf 84' lang='lat' dir='ltr'><strong>enlm</strong></span> <span class='ocrx_word' id='word_1_276' title='bbox 494 4047 565 4096; x_wconf 74' lang='lat' dir='ltr'><strong>Teus</strong></span> <span class='ocrx_word' id='word_1_277' title='bbox 585 4045 613 4094; x_wconf 90' lang='lat' dir='ltr'><strong>in</strong></span> <span class='ocrx_word' id='word_1_278' title='bbox 630 4043 853 4092; x_wconf 76' lang='lat' dir='ltr'><strong>recensionem</strong></span> <span class='ocrx_word' id='word_1_279' title='bbox 872 4041 1012 4090; x_wconf 86' lang='lat' dir='ltr'><strong>civitatum</strong></span> <span class='ocrx_word' id='word_1_280' title='bbox 1030 4040 1183 4088; x_wconf 85' lang='lat' dir='ltr'><strong>Ionicarum</strong></span> <span class='ocrx_word' id='word_1_281' title='bbox 1200 4038 1306 4088; x_wconf 81' lang='lat' dir='ltr'><strong>omitti·</strong></span> 
     </span>
     <span class='ocr_line' id='line_1_40' title="bbox 247 4123 1305 4191; baseline -0.004 -11"><span class='ocrx_word' id='word_1_282' title='bbox 247 4123 315 4180; x_wconf 83' lang='lat' dir='ltr'><strong>tur.&#39;’</strong></span> <span class='ocrx_word' id='word_1_283' title='bbox 351 4128 383 4178; x_wconf 80' lang='lat' dir='ltr'><strong>li.</strong></span> <span class='ocrx_word' id='word_1_284' title='bbox 402 4133 507 4190; x_wconf 84' lang='lat' dir='ltr'><strong>raptun</strong></span> <span class='ocrx_word' id='word_1_285' title='bbox 525 4134 610 4184; x_wconf 82' lang='lat' dir='ltr'><strong>luerit</strong></span> <span class='ocrx_word' id='word_1_286' title='bbox 625 4133 698 4186; x_wconf 79' lang='lat' dir='ltr'><strong>teum</strong></span> <span class='ocrx_word' id='word_1_287' title='bbox 717 4142 776 4180; x_wconf 87' lang='lat' dir='ltr'><strong>a-</strong></span> <span class='ocrx_word' id='word_1_288' title='bbox 790 4132 845 4180; x_wconf 81' lang='lat' dir='ltr'><strong>tent</strong></span> <span class='ocrx_word' id='word_1_289' title='bbox 860 4128 984 4191; x_wconf 84' lang='lat' dir='ltr'><strong>syllaba,</strong></span> <span class='ocrx_word' id='word_1_290' title='bbox 1011 4139 1079 4188; x_wconf 85' lang='lat' dir='ltr'><strong>quae</strong></span> <span class='ocrx_word' id='word_1_291' title='bbox 1097 4127 1244 4177; x_wconf 85' lang='lat' dir='ltr'><strong>antecedit.</strong></span> <span class='ocrx_word' id='word_1_292' title='bbox 1270 4149 1305 4163; x_wconf 90' lang='lat'>-</span> 
     </span>
     <span class='ocr_line' id='line_1_41' title="bbox 246 4214 1036 4296; baseline -0.003 -28"><span class='ocrx_word' id='word_1_293' title='bbox 246 4214 363 4282; x_wconf 73' lang='lat' dir='ltr'><strong>[nrbes]</strong></span> <span class='ocrx_word' id='word_1_294' title='bbox 381 4215 524 4280; x_wconf 80' lang='lat' dir='ltr'><strong>glossema.</strong></span> <span class='ocrx_word' id='word_1_295' title='bbox 544 4223 670 4272; x_wconf 81' lang='lat' dir='ltr'><strong>viderunt</strong></span> <span class='ocrx_word' id='word_1_296' title='bbox 686 4217 830 4282; x_wconf 74' lang='lat' dir='ltr'><strong>Gruterus,</strong></span> <span class='ocrx_word' id='word_1_297' title='bbox 855 4217 894 4282; x_wconf 83' lang='lat' dir='ltr'><strong>ll,</strong></span> <span class='ocrx_word' id='word_1_298' title='bbox 911 4215 967 4266; x_wconf 86' lang='lat' dir='ltr'><strong>alii.</strong></span> <span class='ocrx_word' id='word_1_299' title='bbox 1034 4283 1036 4296; x_wconf 91' lang='lat'>.</span> 
     </span>
    </p>
   </div>
   <div class='ocr_carea' id='block_1_6' title="bbox 0 0 1512 4896">
    <p class='ocr_par' dir='ltr' id='par_1_6' title="bbox 0 0 1512 4896">
     <span class='ocr_line' id='line_1_42' title="bbox 0 0 1512 4896; baseline 0 0"><span class='ocrx_word' id='word_1_300' title='bbox 0 0 1512 4896; x_wconf 95' lang='lat' dir='ltr'><strong> </strong></span> 
     </span>
    </p>
   </div>
  </div>
 </body>
</html>
