<?xml version="1.0" encoding="UTF-8"?>
<!DOCTYPE html PUBLIC "-//W3C//DTD XHTML 1.0 Transitional//EN"
    "http://www.w3.org/TR/xhtml1/DTD/xhtml1-transitional.dtd">
<html xmlns="http://www.w3.org/1999/xhtml" xml:lang="en" lang="en">
 <head>
  <title>
</title>
<meta http-equiv="Content-Type" content="text/html;charset=utf-8" />
  <meta name='ocr-system' content='tesseract 3.04.00' />
  <meta name='ocr-capabilities' content='ocr_page ocr_carea ocr_par ocr_line ocrx_word'/>
</head>
<body>
  <div class='ocr_page' id='page_1' title='image "./vellejipatercul00pategoog_0100.png"; bbox 0 0 2990 4894; ppageno 0'>
   <div class='ocr_carea' id='block_1_1' title="bbox 601 326 1254 400">
    <p class='ocr_par' dir='ltr' id='par_1_1' title="bbox 601 326 1254 400">
     <span class='ocr_line' id='line_1_1' title="bbox 601 326 1254 400; baseline 0 0"><span class='ocrx_word' id='word_1_1' title='bbox 601 349 710 400; x_wconf 47' lang='lat' dir='ltr'><strong>rusus</strong></span> <span class='ocrx_word' id='word_1_2' title='bbox 729 351 766 399; x_wconf 85' lang='lat' dir='ltr'><strong>n.</strong></span> <span class='ocrx_word' id='word_1_3' title='bbox 793 352 838 399; x_wconf 86' lang='lat'><strong>11.</strong></span> <span class='ocrx_word' id='word_1_4' title='bbox 1206 326 1254 400; x_wconf 79' lang='lat' dir='ltr'><strong>st</strong></span> 
     </span>
    </p>
   </div>
   <div class='ocr_carea' id='block_1_2' title="bbox 145 491 1304 3407">
    <p class='ocr_par' dir='ltr' id='par_1_2' title="bbox 186 491 1256 882">
     <span class='ocr_line' id='line_1_2' title="bbox 187 491 1256 582; baseline -0.002 -22"><span class='ocrx_word' id='word_1_5' title='bbox 187 493 272 582; x_wconf 77' lang='lat' dir='ltr'><strong>quae</strong></span> <span class='ocrx_word' id='word_1_6' title='bbox 287 495 444 576; x_wconf 83' lang='lat' dir='ltr'><strong>hodieque</strong></span> <span class='ocrx_word' id='word_1_7' title='bbox 464 491 624 574; x_wconf 76' lang='lat' dir='ltr'><strong>singulare</strong></span> <span class='ocrx_word' id='word_1_8' title='bbox 645 499 679 553; x_wconf 87' lang='lat' dir='ltr'><strong>et</strong></span> <span class='ocrx_word' id='word_1_9' title='bbox 697 491 885 557; x_wconf 67' lang='lat' dir='ltr'><strong>salubritatis</strong></span> <span class='ocrx_word' id='word_1_10' title='bbox 900 493 1042 558; x_wconf 86' lang='lat' dir='ltr'><strong>instaret</strong></span> <span class='ocrx_word' id='word_1_11' title='bbox 1057 495 1256 559; x_wconf 73' lang='lat' dir='ltr'><strong>amoenitatis</strong></span> 
     </span>
     <span class='ocr_line' id='line_1_3' title="bbox 188 587 1255 676; baseline 0.001 -15"><span class='ocrx_word' id='word_1_12' title='bbox 188 603 401 670; x_wconf 82' lang='lat' dir='ltr'><strong>oruamentum</strong></span> <span class='ocrx_word' id='word_1_13' title='bbox 430 602 491 658; x_wconf 78' lang='lat' dir='ltr'><strong>est.</strong></span> <span class='ocrx_word' id='word_1_14' title='bbox 542 587 673 673; x_wconf 75' lang='lat' dir='ltr'><strong>Insigne</strong></span> <span class='ocrx_word' id='word_1_15' title='bbox 701 610 838 656; x_wconf 85' lang='lat' dir='ltr'><strong>eoronaa</strong></span> <span class='ocrx_word' id='word_1_16' title='bbox 864 594 1043 672; x_wconf 72' lang='lat' dir='ltr'><strong>olassinae,</strong></span> <span class='ocrx_word' id='word_1_17' title='bbox 1074 614 1136 676; x_wconf 89' lang='lat' dir='ltr'><strong>quo</strong></span> <span class='ocrx_word' id='word_1_18' title='bbox 1161 613 1255 662; x_wconf 85' lang='lat' dir='ltr'><strong>nemo</strong></span> 
     </span>
     <span class='ocr_line' id='line_1_4' title="bbox 187 693 1256 782; baseline 0 -20"><span class='ocrx_word' id='word_1_19' title='bbox 187 713 323 782; x_wconf 86' lang='lat' dir='ltr'><strong>unquam</strong></span> <span class='ocrx_word' id='word_1_20' title='bbox 342 697 554 760; x_wconf 78' lang='lat' dir='ltr'><strong>Romanorum</strong></span> <span class='ocrx_word' id='word_1_21' title='bbox 575 693 708 756; x_wconf 83' lang='lat' dir='ltr'><strong>donatus</strong></span> <span class='ocrx_word' id='word_1_22' title='bbox 728 703 817 778; x_wconf 84' lang='lat' dir='ltr'><strong>erat,</strong></span> <span class='ocrx_word' id='word_1_23' title='bbox 843 695 904 758; x_wconf 88' lang='lat' dir='ltr'><strong>lroo</strong></span> <span class='ocrx_word' id='word_1_24' title='bbox 924 696 1004 759; x_wconf 85' lang='lat' dir='ltr'><strong>bello</strong></span> <span class='ocrx_word' id='word_1_25' title='bbox 1021 696 1167 778; x_wconf 80' lang='lat' dir='ltr'><strong>Agrippa</strong></span> <span class='ocrx_word' id='word_1_26' title='bbox 1185 698 1256 762; x_wconf 63' lang='lat' dir='ltr'><strong>sin.</strong></span> 
     </span>
     <span class='ocr_line' id='line_1_5' title="bbox 186 795 1255 882; baseline -0.001 -19"><span class='ocrx_word' id='word_1_27' title='bbox 186 801 287 882; x_wconf 67' lang='lat' dir='ltr'><strong>putari</strong></span> <span class='ocrx_word' id='word_1_28' title='bbox 312 800 429 862; x_wconf 85' lang='lat' dir='ltr'><strong>virtnto</strong></span> <span class='ocrx_word' id='word_1_29' title='bbox 462 796 585 858; x_wconf 83' lang='lat' dir='ltr'><strong>meruit.</strong></span> <span class='ocrx_word' id='word_1_30' title='bbox 624 795 735 858; x_wconf 80' lang='lat' dir='ltr'><strong>vietor</strong></span> <span class='ocrx_word' id='word_1_31' title='bbox 760 795 1018 859; x_wconf 77' lang='lat' dir='ltr'><strong>deindecaesar</strong></span> <span class='ocrx_word' id='word_1_32' title='bbox 1043 815 1196 860; x_wconf 77' lang='lat' dir='ltr'><strong>reversum</strong></span> <span class='ocrx_word' id='word_1_33' title='bbox 1224 799 1255 862; x_wconf 87' lang='lat' dir='ltr'><strong>ia</strong></span> 
     </span>
    </p>

    <p class='ocr_par' dir='ltr' id='par_1_3' title="bbox 145 895 1255 1368">
     <span class='ocr_line' id='line_1_6' title="bbox 145 895 1255 978; baseline -0.006 -11"><span class='ocrx_word' id='word_1_34' title='bbox 145 955 150 968; x_wconf 85' lang='lat'>.</span> <span class='ocrx_word' id='word_1_35' title='bbox 186 903 295 965; x_wconf 83' lang='lat' dir='ltr'><strong>nrlrern</strong></span> <span class='ocrx_word' id='word_1_36' title='bbox 317 904 498 962; x_wconf 81' lang='lat' dir='ltr'><strong>oootraotas</strong></span> <span class='ocrx_word' id='word_1_37' title='bbox 517 896 726 978; x_wconf 69' lang='lat' dir='ltr'>emptionibus</span> <span class='ocrx_word' id='word_1_38' title='bbox 754 897 933 977; x_wconf 79' lang='lat' dir='ltr'><strong>eomplnues</strong></span> <span class='ocrx_word' id='word_1_39' title='bbox 965 895 1076 960; x_wconf 89' lang='lat' dir='ltr'><strong>domos</strong></span> <span class='ocrx_word' id='word_1_40' title='bbox 1101 915 1160 977; x_wconf 89' lang='lat' dir='ltr'><strong>per.</strong></span> <span class='ocrx_word' id='word_1_41' title='bbox 1178 916 1255 978; x_wconf 87' lang='lat' dir='ltr'><strong>pro·</strong></span> 
     </span>
     <span class='ocr_line' id='line_1_7' title="bbox 187 996 1254 1086; baseline -0.007 -18"><span class='ocrx_word' id='word_1_42' title='bbox 187 1011 367 1080; x_wconf 70' lang='lat' dir='ltr'><strong>enumeres,</strong></span> <span class='ocrx_word' id='word_1_43' title='bbox 397 1016 460 1081; x_wconf 81' lang='lat' dir='ltr'><strong>quo</strong></span> <span class='ocrx_word' id='word_1_44' title='bbox 479 999 579 1064; x_wconf 79' lang='lat' dir='ltr'><strong>laxior</strong></span> <span class='ocrx_word' id='word_1_45' title='bbox 602 997 694 1060; x_wconf 86' lang='lat' dir='ltr'><strong>lieret</strong></span> <span class='ocrx_word' id='word_1_46' title='bbox 712 996 830 1086; x_wconf 80' lang='lat' dir='ltr'><strong>ipsius,</strong></span> <span class='ocrx_word' id='word_1_47' title='bbox 853 1001 987 1074; x_wconf 71' lang='lat' dir='ltr'><strong>portien</strong></span> <span class='ocrx_word' id='word_1_48' title='bbox 1014 1017 1049 1058; x_wconf 86' lang='lat' dir='ltr'><strong>ae</strong></span> <span class='ocrx_word' id='word_1_49' title='bbox 1067 1001 1178 1062; x_wconf 81' lang='lat' dir='ltr'><strong>uritur</strong></span> <span class='ocrx_word' id='word_1_50' title='bbox 1197 1005 1254 1060; x_wconf 84' lang='lat' dir='ltr'><strong>de-</strong></span> 
     </span>
     <span class='ocr_line' id='line_1_8' title="bbox 187 1098 1254 1181; baseline -0.005 -14"><span class='ocrx_word' id='word_1_51' title='bbox 187 1098 582 1181; x_wconf 60' lang='lat' dir='ltr'><strong>ramispalmarum</strong></span> <span class='ocrx_word' id='word_1_52' title='bbox 611 1098 823 1180; x_wconf 80' lang='lat' dir='ltr'><strong>templumque</strong></span> <span class='ocrx_word' id='word_1_53' title='bbox 843 1099 998 1180; x_wconf 78' lang='lat' dir='ltr'><strong>Apollinis</strong></span> <span class='ocrx_word' id='word_1_54' title='bbox 1019 1100 1158 1164; x_wconf 75' lang='lat' dir='ltr'><strong>etoiwa</strong></span> <span class='ocrx_word' id='word_1_55' title='bbox 1177 1119 1254 1180; x_wconf 59' lang='lat' dir='ltr'><strong>pora</strong></span> 
     </span>
     <span class='ocr_line' id='line_1_9' title="bbox 186 1198 1252 1282; baseline 0 -16"><span class='ocrx_word' id='word_1_56' title='bbox 186 1203 269 1266; x_wconf 86' lang='lat' dir='ltr'><strong>tiens</strong></span> <span class='ocrx_word' id='word_1_57' title='bbox 287 1201 441 1264; x_wconf 85' lang='lat' dir='ltr'><strong>laetorum</strong></span> <span class='ocrx_word' id='word_1_58' title='bbox 463 1201 622 1282; x_wconf 82' lang='lat' dir='ltr'><strong>promisit,</strong></span> <span class='ocrx_word' id='word_1_59' title='bbox 651 1198 735 1278; x_wconf 80' lang='lat' dir='ltr'><strong>qnod</strong></span> <span class='ocrx_word' id='word_1_60' title='bbox 764 1198 804 1260; x_wconf 84' lang='lat' dir='ltr'><strong>ab</strong></span> <span class='ocrx_word' id='word_1_61' title='bbox 828 1218 868 1260; x_wconf 92' lang='lat' dir='ltr'><strong>eo</strong></span> <span class='ocrx_word' id='word_1_62' title='bbox 887 1200 1040 1280; x_wconf 80' lang='lat' dir='ltr'><strong>singulari</strong></span> <span class='ocrx_word' id='word_1_63' title='bbox 1059 1210 1252 1266; x_wconf 76' lang='lat' dir='ltr'><strong>exstructum</strong></span> 
     </span>
     <span class='ocr_line' id='line_1_10' title="bbox 185 1303 477 1368; baseline 0 -2"><span class='ocrx_word' id='word_1_64' title='bbox 185 1303 396 1368; x_wconf 85' lang='lat' dir='ltr'><strong>munitioentia</strong></span> <span class='ocrx_word' id='word_1_65' title='bbox 417 1311 477 1366; x_wconf 78' lang='lat' dir='ltr'><strong>est.</strong></span> 
     </span>
    </p>

    <p class='ocr_par' dir='ltr' id='par_1_4' title="bbox 175 1400 1304 3407">
     <span class='ocr_line' id='line_1_11' title="bbox 263 1400 1304 1486; baseline 0.002 -22"><span class='ocrx_word' id='word_1_66' title='bbox 263 1400 334 1482; x_wconf 74' lang='lat' dir='ltr'><strong>Qun</strong></span> <span class='ocrx_word' id='word_1_67' title='bbox 352 1403 474 1466; x_wconf 78' lang='lat' dir='ltr'><strong>aestate</strong></span> <span class='ocrx_word' id='word_1_68' title='bbox 501 1411 563 1464; x_wconf 88' lang='lat' dir='ltr'><strong>tmn</strong></span> <span class='ocrx_word' id='word_1_69' title='bbox 585 1419 739 1484; x_wconf 82' lang='lat' dir='ltr'><strong>prospere</strong></span> <span class='ocrx_word' id='word_1_70' title='bbox 772 1402 902 1465; x_wconf 85' lang='lat' dir='ltr'><strong>liberata</strong></span> <span class='ocrx_word' id='word_1_71' title='bbox 929 1411 984 1465; x_wconf 82' lang='lat' dir='ltr'><strong>est</strong></span> <span class='ocrx_word' id='word_1_72' title='bbox 1013 1404 1142 1486; x_wconf 79' lang='lat' dir='ltr'><strong>sieilia,</strong></span> <span class='ocrx_word' id='word_1_73' title='bbox 1171 1402 1304 1482; x_wconf 75' lang='lat' dir='ltr'><strong>bona82</strong></span> 
     </span>
     <span class='ocr_line' id='line_1_12' title="bbox 183 1503 1252 1584; baseline 0.002 -18"><span class='ocrx_word' id='word_1_74' title='bbox 183 1503 306 1566; x_wconf 79' lang='lat' dir='ltr'><strong>tortum</strong></span> <span class='ocrx_word' id='word_1_75' title='bbox 335 1504 368 1566; x_wconf 91' lang='lat' dir='ltr'><strong>in</strong></span> <span class='ocrx_word' id='word_1_76' title='bbox 388 1503 546 1582; x_wconf 69' lang='lat' dir='ltr'><strong>(laesere¹</strong></span> <span class='ocrx_word' id='word_1_77' title='bbox 564 1512 598 1566; x_wconf 89' lang='lat' dir='ltr'><strong>et</strong></span> <span class='ocrx_word' id='word_1_78' title='bbox 627 1523 664 1566; x_wconf 90' lang='lat' dir='ltr'><strong>re</strong></span> <span class='ocrx_word' id='word_1_79' title='bbox 693 1505 818 1584; x_wconf 83' lang='lat' dir='ltr'><strong>publiea</strong></span> <span class='ocrx_word' id='word_1_80' title='bbox 846 1505 979 1568; x_wconf 85' lang='lat' dir='ltr'><strong>mutavit</strong></span> <span class='ocrx_word' id='word_1_81' title='bbox 1009 1505 1049 1568; x_wconf 87' lang='lat' dir='ltr'><strong>ad</strong></span> <span class='ocrx_word' id='word_1_82' title='bbox 1081 1504 1252 1568; x_wconf 73' lang='lat' dir='ltr'><strong>Orientem.</strong></span> 
     </span>
     <span class='ocr_line' id='line_1_13' title="bbox 184 1602 1253 1687; baseline 0.001 -19"><span class='ocrx_word' id='word_1_83' title='bbox 184 1602 309 1686; x_wconf 77' lang='lat' dir='ltr'><strong>Quippe</strong></span> <span class='ocrx_word' id='word_1_84' title='bbox 321 1605 482 1668; x_wconf 79' lang='lat' dir='ltr'><strong>Antonius</strong></span> <span class='ocrx_word' id='word_1_85' title='bbox 501 1623 574 1668; x_wconf 88' lang='lat' dir='ltr'><strong>oum</strong></span> <span class='ocrx_word' id='word_1_86' title='bbox 587 1605 664 1666; x_wconf 84' lang='lat' dir='ltr'><strong>Xlll</strong></span> <span class='ocrx_word' id='word_1_87' title='bbox 683 1604 861 1686; x_wconf 73' lang='lat' dir='ltr'><strong>legionibus</strong></span> <span class='ocrx_word' id='word_1_88' title='bbox 877 1604 1049 1687; x_wconf 81' lang='lat' dir='ltr'><strong>ingressus</strong></span> <span class='ocrx_word' id='word_1_89' title='bbox 1059 1605 1253 1684; x_wconf 69' lang='lat' dir='ltr'><strong>manium,</strong></span> 
     </span>
     <span class='ocr_line' id='line_1_14' title="bbox 184 1704 1252 1792; baseline -0.002 -22"><span class='ocrx_word' id='word_1_90' title='bbox 184 1723 225 1770; x_wconf 82' lang='lat' dir='ltr'><strong>ao</strong></span> <span class='ocrx_word' id='word_1_91' title='bbox 245 1705 538 1784; x_wconf 72' lang='lat' dir='ltr'><strong>deindedlediam,</strong></span> <span class='ocrx_word' id='word_1_92' title='bbox 570 1714 604 1768; x_wconf 85' lang='lat' dir='ltr'><strong>et</strong></span> <span class='ocrx_word' id='word_1_93' title='bbox 627 1724 685 1786; x_wconf 86' lang='lat' dir='ltr'><strong>per</strong></span> <span class='ocrx_word' id='word_1_94' title='bbox 711 1723 769 1768; x_wconf 88' lang='lat' dir='ltr'><strong>eos</strong></span> <span class='ocrx_word' id='word_1_95' title='bbox 797 1705 947 1784; x_wconf 79' lang='lat' dir='ltr'><strong>regiones</strong></span> <span class='ocrx_word' id='word_1_96' title='bbox 966 1704 1101 1768; x_wconf 85' lang='lat' dir='ltr'><strong>Parthos</strong></span> <span class='ocrx_word' id='word_1_97' title='bbox 1126 1713 1252 1792; x_wconf 81' lang='lat' dir='ltr'><strong>petens,</strong></span> 
     </span>
     <span class='ocr_line' id='line_1_15' title="bbox 183 1805 1251 1904; baseline -0.001 -33"><span class='ocrx_word' id='word_1_98' title='bbox 183 1807 291 1871; x_wconf 76' lang='lat' dir='ltr'><strong>lubinti</strong></span> <span class='ocrx_word' id='word_1_99' title='bbox 309 1825 420 1889; x_wconf 77' lang='lat' dir='ltr'><strong>regem</strong></span> <span class='ocrx_word' id='word_1_100' title='bbox 440 1824 548 1870; x_wconf 86' lang='lat' dir='ltr'><strong>sorum</strong></span> <span class='ocrx_word' id='word_1_101' title='bbox 568 1806 713 1886; x_wconf 84' lang='lat' dir='ltr'><strong>obvium,</strong></span> <span class='ocrx_word' id='word_1_102' title='bbox 731 1806 894 1888; x_wconf 75' lang='lat' dir='ltr'><strong>primoque</strong></span> <span class='ocrx_word' id='word_1_103' title='bbox 913 1805 994 1869; x_wconf 88' lang='lat' dir='ltr'><strong>duas</strong></span> <span class='ocrx_word' id='word_1_104' title='bbox 1012 1805 1161 1886; x_wconf 82' lang='lat' dir='ltr'><strong>legiones</strong></span> <span class='ocrx_word' id='word_1_105' title='bbox 1178 1818 1251 1904; x_wconf 61' lang='grc' dir='ltr'><strong>ουρ</strong></span> 
     </span>
     <span class='ocr_line' id='line_1_16' title="bbox 182 1906 1251 1990; baseline 0.002 -20"><span class='ocrx_word' id='word_1_106' title='bbox 182 1907 326 1988; x_wconf 81' lang='lat' dir='ltr'><strong>ominibus</strong></span> <span class='ocrx_word' id='word_1_107' title='bbox 342 1907 574 1989; x_wconf 80' lang='lat' dir='ltr'><strong>impedimentis</strong></span> <span class='ocrx_word' id='word_1_108' title='bbox 589 1906 816 1990; x_wconf 81' lang='lat' dir='ltr'><strong>tormentisque</strong></span> <span class='ocrx_word' id='word_1_109' title='bbox 833 1917 865 1970; x_wconf 89' lang='lat' dir='ltr'><strong>et</strong></span> <span class='ocrx_word' id='word_1_110' title='bbox 884 1907 1025 1970; x_wconf 73' lang='lat' dir='ltr'><strong>Statiano</strong></span> <span class='ocrx_word' id='word_1_111' title='bbox 1043 1908 1151 1988; x_wconf 74' lang='lat' dir='ltr'><strong>legato</strong></span> <span class='ocrx_word' id='word_1_112' title='bbox 1168 1908 1251 1974; x_wconf 75' lang='lat' dir='ltr'><strong>ami-r</strong></span> 
     </span>
     <span class='ocr_line' id='line_1_17' title="bbox 181 2007 1250 2095; baseline 0.003 -23"><span class='ocrx_word' id='word_1_113' title='bbox 181 2010 237 2091; x_wconf 80' lang='lat' dir='ltr'><strong>sit3</strong></span> <span class='ocrx_word' id='word_1_114' title='bbox 259 2027 333 2072; x_wconf 79' lang='lat' dir='ltr'><strong>mox</strong></span> <span class='ocrx_word' id='word_1_115' title='bbox 352 2011 483 2092; x_wconf 86' lang='lat' dir='ltr'><strong>saepius</strong></span> <span class='ocrx_word' id='word_1_116' title='bbox 499 2011 583 2095; x_wconf 84' lang='lat' dir='ltr'><strong>ipse,</strong></span> <span class='ocrx_word' id='word_1_117' title='bbox 603 2027 674 2072; x_wconf 82' lang='lat' dir='ltr'><strong>orna</strong></span> <span class='ocrx_word' id='word_1_118' title='bbox 696 2026 821 2070; x_wconf 73' lang='lat' dir='ltr'><strong>summ</strong></span> <span class='ocrx_word' id='word_1_119' title='bbox 836 2009 931 2072; x_wconf 89' lang='lat' dir='ltr'><strong>totius</strong></span> <span class='ocrx_word' id='word_1_120' title='bbox 950 2009 1113 2074; x_wconf 81' lang='lat' dir='ltr'><strong>exereitus</strong></span> <span class='ocrx_word' id='word_1_121' title='bbox 1132 2007 1250 2076; x_wconf 60' lang='lat' dir='ltr'><strong>maeri-r</strong></span> 
     </span>
     <span class='ocr_line' id='line_1_18' title="bbox 180 2109 1250 2194; baseline 0.002 -20"><span class='ocrx_word' id='word_1_122' title='bbox 180 2110 281 2194; x_wconf 29' lang='lat' dir='ltr'><strong>minei,</strong></span> <span class='ocrx_word' id='word_1_123' title='bbox 300 2128 341 2174; x_wconf 85' lang='lat' dir='ltr'><strong>na</strong></span> <span class='ocrx_word' id='word_1_124' title='bbox 360 2113 439 2174; x_wconf 86' lang='lat' dir='ltr'><strong>adiit</strong></span> <span class='ocrx_word' id='word_1_125' title='bbox 456 2111 613 2194; x_wconf 86' lang='lat' dir='ltr'><strong>perionla,</strong></span> <span class='ocrx_word' id='word_1_126' title='bbox 635 2130 656 2172; x_wconf 92' lang='lat' dir='ltr'><strong>a</strong></span> <span class='ocrx_word' id='word_1_127' title='bbox 674 2109 787 2193; x_wconf 81' lang='lat' dir='ltr'><strong>quibus</strong></span> <span class='ocrx_word' id='word_1_128' title='bbox 805 2111 931 2174; x_wconf 57' lang='lat' dir='ltr'><strong>,servari</strong></span> <span class='ocrx_word' id='word_1_129' title='bbox 950 2127 990 2174; x_wconf 90' lang='lat' dir='ltr'><strong>so</strong></span> <span class='ocrx_word' id='word_1_130' title='bbox 1008 2129 1108 2191; x_wconf 86' lang='lat' dir='ltr'><strong>posse</strong></span> <span class='ocrx_word' id='word_1_131' title='bbox 1127 2110 1250 2192; x_wconf 63' lang='lat' dir='ltr'><strong>despue</strong></span> 
     </span>
     <span class='ocr_line' id='line_1_19' title="bbox 181 2212 1250 2295; baseline 0.002 -21"><span class='ocrx_word' id='word_1_132' title='bbox 181 2213 314 2294; x_wconf 81' lang='lat' dir='ltr'><strong>raverit3</strong></span> <span class='ocrx_word' id='word_1_133' title='bbox 334 2213 515 2295; x_wconf 77' lang='lat' dir='ltr'><strong>amissaque</strong></span> <span class='ocrx_word' id='word_1_134' title='bbox 530 2232 592 2275; x_wconf 90' lang='lat' dir='ltr'><strong>non</strong></span> <span class='ocrx_word' id='word_1_135' title='bbox 611 2213 715 2276; x_wconf 85' lang='lat' dir='ltr'><strong>minus</strong></span> <span class='ocrx_word' id='word_1_136' title='bbox 735 2221 845 2295; x_wconf 84' lang='lat' dir='ltr'><strong>quarta</strong></span> <span class='ocrx_word' id='word_1_137' title='bbox 862 2221 953 2294; x_wconf 88' lang='lat' dir='ltr'><strong>parte</strong></span> <span class='ocrx_word' id='word_1_138' title='bbox 972 2212 1112 2294; x_wconf 88' lang='lat' dir='ltr'><strong>militum,</strong></span> <span class='ocrx_word' id='word_1_139' title='bbox 1131 2213 1250 2292; x_wconf 85' lang='lat' dir='ltr'><strong>euplivi</strong></span> 
     </span>
     <span class='ocr_line' id='line_1_20' title="bbox 180 2312 1249 2398; baseline -0.002 -22"><span class='ocrx_word' id='word_1_140' title='bbox 180 2313 366 2398; x_wconf 85' lang='lat' dir='ltr'><strong>eujusdam,</strong></span> <span class='ocrx_word' id='word_1_141' title='bbox 385 2313 446 2376; x_wconf 88' lang='lat' dir='ltr'><strong>sed</strong></span> <span class='ocrx_word' id='word_1_142' title='bbox 463 2312 614 2390; x_wconf 73' lang='lat' dir='ltr'><strong>Romani,</strong></span> <span class='ocrx_word' id='word_1_143' title='bbox 643 2314 777 2378; x_wconf 88' lang='lat' dir='ltr'><strong>oonsilio</strong></span> <span class='ocrx_word' id='word_1_144' title='bbox 796 2332 836 2376; x_wconf 91' lang='lat' dir='ltr'><strong>ao</strong></span> <span class='ocrx_word' id='word_1_145' title='bbox 855 2312 918 2374; x_wconf 84' lang='lat' dir='ltr'><strong>lide</strong></span> <span class='ocrx_word' id='word_1_146' title='bbox 935 2321 1084 2374; x_wconf 88' lang='lat' dir='ltr'><strong>servatus</strong></span> <span class='ocrx_word' id='word_1_147' title='bbox 1105 2319 1166 2397; x_wconf 81' lang='lat' dir='ltr'><strong>est,</strong></span> <span class='ocrx_word' id='word_1_148' title='bbox 1185 2312 1249 2396; x_wconf 75' lang='lat' dir='ltr'><strong>qui,</strong></span> 
     </span>
     <span class='ocr_line' id='line_1_21' title="bbox 178 2411 1248 2496; baseline -0.002 -18"><span class='ocrx_word' id='word_1_149' title='bbox 178 2415 270 2478; x_wconf 82' lang='lat' dir='ltr'><strong>elnon</strong></span> <span class='ocrx_word' id='word_1_150' title='bbox 290 2415 454 2479; x_wconf 74' lang='lat' dir='ltr'><strong>Crassiani</strong></span> <span class='ocrx_word' id='word_1_151' title='bbox 474 2416 637 2479; x_wconf 82' lang='lat' dir='ltr'><strong>exereitus</strong></span> <span class='ocrx_word' id='word_1_152' title='bbox 657 2423 790 2496; x_wconf 82' lang='lat' dir='ltr'><strong>eaptus,</strong></span> <span class='ocrx_word' id='word_1_153' title='bbox 809 2431 881 2474; x_wconf 89' lang='lat' dir='ltr'><strong>oum</strong></span> <span class='ocrx_word' id='word_1_154' title='bbox 900 2411 1074 2495; x_wconf 79' lang='lat' dir='ltr'><strong>fortunam,</strong></span> <span class='ocrx_word' id='word_1_155' title='bbox 1093 2430 1157 2474; x_wconf 91' lang='lat' dir='ltr'><strong>non</strong></span> <span class='ocrx_word' id='word_1_156' title='bbox 1176 2413 1248 2476; x_wconf 78' lang='lat' dir='ltr'><strong>aui-‚-</strong></span> 
     </span>
     <span class='ocr_line' id='line_1_22' title="bbox 177 2512 1247 2600; baseline 0.001 -24"><span class='ocrx_word' id='word_1_157' title='bbox 177 2531 283 2600; x_wconf 81' lang='lat' dir='ltr'><strong>mnm,</strong></span> <span class='ocrx_word' id='word_1_158' title='bbox 314 2525 485 2596; x_wconf 78' lang='lat' dir='ltr'><strong>mutasset,</strong></span> <span class='ocrx_word' id='word_1_159' title='bbox 517 2516 659 2580; x_wconf 86' lang='lat' dir='ltr'><strong>aooesait</strong></span> <span class='ocrx_word' id='word_1_160' title='bbox 681 2523 776 2582; x_wconf 75' lang='lat' dir='ltr'><strong>nome</strong></span> <span class='ocrx_word' id='word_1_161' title='bbox 802 2513 843 2577; x_wconf 87' lang='lat' dir='ltr'><strong>ad</strong></span> <span class='ocrx_word' id='word_1_162' title='bbox 867 2513 1039 2576; x_wconf 86' lang='lat' dir='ltr'><strong>stationem.</strong></span> <span class='ocrx_word' id='word_1_163' title='bbox 1061 2512 1247 2596; x_wconf 73' lang='lat' dir='ltr'><strong>sonmo,</strong></span> 
     </span>
     <span class='ocr_line' id='line_1_23' title="bbox 178 2615 1273 2700; baseline 0.004 -22"><span class='ocrx_word' id='word_1_164' title='bbox 178 2615 409 2700; x_wconf 83' lang='lat' dir='ltr'><strong>praedixitque,</strong></span> <span class='ocrx_word' id='word_1_165' title='bbox 433 2635 474 2676; x_wconf 85' lang='lat' dir='ltr'><strong>oe</strong></span> <span class='ocrx_word' id='word_1_166' title='bbox 492 2621 681 2678; x_wconf 71' lang='lat' dir='ltr'><strong>destinatum</strong></span> <span class='ocrx_word' id='word_1_167' title='bbox 699 2622 760 2678; x_wconf 81' lang='lat' dir='ltr'><strong>tter</strong></span> <span class='ocrx_word' id='word_1_168' title='bbox 777 2625 938 2694; x_wconf 82' lang='lat' dir='ltr'><strong>peterent,</strong></span> <span class='ocrx_word' id='word_1_169' title='bbox 969 2622 1027 2678; x_wconf 84' lang='lat' dir='ltr'><strong>sed</strong></span> <span class='ocrx_word' id='word_1_170' title='bbox 1043 2621 1246 2698; x_wconf 62' lang='lat' dir='ltr'><strong>dinerooail·</strong></span> <span class='ocrx_word' id='word_1_171' title='bbox 1270 2626 1273 2636; x_wconf 86' lang='grc'><em>“</em></span> 
     </span>
     <span class='ocr_line' id='line_1_24' title="bbox 177 2716 1245 2799; baseline 0.006 -23"><span class='ocrx_word' id='word_1_172' title='bbox 177 2717 571 2794; x_wconf 71' lang='lat' dir='ltr'><strong>eoatrt&#39;puepernoatereot.</strong></span> <span class='ocrx_word' id='word_1_173' title='bbox 609 2717 683 2780; x_wconf 84' lang='lat' dir='ltr'><strong>Hoe</strong></span> <span class='ocrx_word' id='word_1_174' title='bbox 702 2717 751 2780; x_wconf 84' lang='lat' dir='ltr'><strong>M.</strong></span> <span class='ocrx_word' id='word_1_175' title='bbox 767 2717 905 2780; x_wconf 84' lang='lat' dir='ltr'><strong>Antonio</strong></span> <span class='ocrx_word' id='word_1_176' title='bbox 925 2735 965 2780; x_wconf 89' lang='lat' dir='ltr'><strong>eo</strong></span> <span class='ocrx_word' id='word_1_177' title='bbox 994 2725 1040 2780; x_wconf 89' lang='lat' dir='ltr'><strong>tot</strong></span> <span class='ocrx_word' id='word_1_178' title='bbox 1057 2716 1118 2779; x_wconf 90' lang='lat' dir='ltr'><strong>illis</strong></span> <span class='ocrx_word' id='word_1_179' title='bbox 1139 2717 1245 2799; x_wconf 62' lang='lat' dir='ltr'><strong>legio„</strong></span> 
     </span>
     <span class='ocr_line' id='line_1_25' title="bbox 175 2817 1246 2901; baseline 0.004 -21"><span class='ocrx_word' id='word_1_180' title='bbox 175 2817 267 2880; x_wconf 75' lang='lat' dir='ltr'><strong>uilius</strong></span> <span class='ocrx_word' id='word_1_181' title='bbox 294 2818 387 2882; x_wconf 87' lang='lat' dir='ltr'><strong>saluti</strong></span> <span class='ocrx_word' id='word_1_182' title='bbox 403 2883 405 2888; x_wconf 70' lang='grc'>,</span> <span class='ocrx_word' id='word_1_183' title='bbox 421 2817 496 2899; x_wconf 81' lang='lat' dir='ltr'><strong>init3</strong></span> <span class='ocrx_word' id='word_1_184' title='bbox 528 2819 569 2880; x_wconf 92' lang='lat' dir='ltr'><strong>de</strong></span> <span class='ocrx_word' id='word_1_185' title='bbox 600 2818 711 2901; x_wconf 80' lang='lat' dir='ltr'><strong>quibos</strong></span> <span class='ocrx_word' id='word_1_186' title='bbox 730 2827 835 2882; x_wconf 75' lang='lat' dir='ltr'><strong>umen</strong></span> <span class='ocrx_word' id='word_1_187' title='bbox 854 2825 981 2901; x_wconf 88' lang='lat' dir='ltr'><strong>totoque</strong></span> <span class='ocrx_word' id='word_1_188' title='bbox 1002 2819 1246 2884; x_wconf 73' lang='lat' dir='ltr'><strong>exercitationi</strong></span> 
     </span>
     <span class='ocr_line' id='line_1_26' title="bbox 176 2919 1244 3003; baseline 0.005 -24"><span class='ocrx_word' id='word_1_189' title='bbox 176 2919 280 2980; x_wconf 89' lang='lat' dir='ltr'><strong>minus</strong></span> <span class='ocrx_word' id='word_1_190' title='bbox 313 2935 388 2999; x_wconf 85' lang='lat' dir='ltr'><strong>pars</strong></span> <span class='ocrx_word' id='word_1_191' title='bbox 421 2928 567 3003; x_wconf 40' lang='lat' dir='ltr'><strong>quartas</strong></span> <span class='ocrx_word' id='word_1_192' title='bbox 589 2928 624 2982; x_wconf 84' lang='lat' dir='ltr'><strong>nt</strong></span> <span class='ocrx_word' id='word_1_193' title='bbox 650 2919 882 3002; x_wconf 71' lang='lat' dir='ltr'><strong>praediximus,</strong></span> <span class='ocrx_word' id='word_1_194' title='bbox 918 2919 1066 3002; x_wconf 79' lang='lat' dir='ltr'><strong>militnm,</strong></span> <span class='ocrx_word' id='word_1_195' title='bbox 1101 2921 1244 2984; x_wconf 85' lang='lat' dir='ltr'><strong>ealonnm</strong></span> 
     </span>
     <span class='ocr_line' id='line_1_27' title="bbox 178 3017 1244 3104; baseline 0.003 -25"><span class='ocrx_word' id='word_1_196' title='bbox 178 3018 363 3097; x_wconf 88' lang='lat' dir='ltr'><strong>servitiique</strong></span> <span class='ocrx_word' id='word_1_197' title='bbox 383 3017 562 3080; x_wconf 85' lang='lat' dir='ltr'><strong>desiderata</strong></span> <span class='ocrx_word' id='word_1_198' title='bbox 581 3021 671 3082; x_wconf 87' lang='lat' dir='ltr'><strong>tertia</strong></span> <span class='ocrx_word' id='word_1_199' title='bbox 691 3030 760 3104; x_wconf 81' lang='lat' dir='ltr'><strong>ost,</strong></span> <span class='ocrx_word' id='word_1_200' title='bbox 787 3020 1078 3101; x_wconf 83' lang='lat' dir='ltr'><strong>impedimentorum</strong></span> <span class='ocrx_word' id='word_1_201' title='bbox 1106 3021 1163 3082; x_wconf 84' lang='lat' dir='ltr'><strong>vix</strong></span> <span class='ocrx_word' id='word_1_202' title='bbox 1183 3021 1244 3082; x_wconf 88' lang='lat' dir='ltr'><strong>nlla</strong></span> 
     </span>
     <span class='ocr_line' id='line_1_28' title="bbox 177 3117 1244 3217; baseline 0.006 -37"><span class='ocrx_word' id='word_1_203' title='bbox 177 3117 342 3198; x_wconf 73' lang='lat' dir='ltr'><strong>superfuit.</strong></span> <span class='ocrx_word' id='word_1_204' title='bbox 380 3120 475 3184; x_wconf 82' lang='lat' dir='ltr'><strong>fleon</strong></span> <span class='ocrx_word' id='word_1_205' title='bbox 494 3129 597 3182; x_wconf 86' lang='lat' dir='ltr'><strong>tamen</strong></span> <span class='ocrx_word' id='word_1_206' title='bbox 616 3121 774 3217; x_wconf 79' lang='lat' dir='ltr'><strong>Antonius</strong></span> <span class='ocrx_word' id='word_1_207' title='bbox 792 3121 900 3203; x_wconf 82' lang='lat' dir='ltr'><strong>sugam</strong></span> <span class='ocrx_word' id='word_1_208' title='bbox 918 3139 1030 3205; x_wconf 85' lang='lat' dir='ltr'><strong>snam,</strong></span> <span class='ocrx_word' id='word_1_209' title='bbox 1055 3121 1128 3204; x_wconf 78' lang='lat' dir='ltr'><strong>quia</strong></span> <span class='ocrx_word' id='word_1_210' title='bbox 1147 3122 1244 3186; x_wconf 84' lang='lat' dir='ltr'><strong>vivus</strong></span> 
     </span>
     <span class='ocr_line' id='line_1_29' title="bbox 175 3217 1243 3309; baseline 0.002 -27"><span class='ocrx_word' id='word_1_211' title='bbox 175 3219 317 3309; x_wconf 80' lang='lat' dir='ltr'><strong>exierat,</strong></span> <span class='ocrx_word' id='word_1_212' title='bbox 339 3225 502 3281; x_wconf 81' lang='lat' dir='ltr'><strong>oietora&#39;noa</strong></span> <span class='ocrx_word' id='word_1_213' title='bbox 520 3220 667 3284; x_wconf 77' lang='lat' dir='ltr'><strong>veneunt.</strong></span> <span class='ocrx_word' id='word_1_214' title='bbox 707 3219 769 3299; x_wconf 79' lang='lat' dir='ltr'><strong>Qui</strong></span> <span class='ocrx_word' id='word_1_215' title='bbox 788 3220 881 3283; x_wconf 85' lang='lat' dir='ltr'><strong>tertis</strong></span> <span class='ocrx_word' id='word_1_216' title='bbox 899 3229 1020 3284; x_wconf 84' lang='lat' dir='ltr'><strong>aestate</strong></span> <span class='ocrx_word' id='word_1_217' title='bbox 1030 3217 1192 3286; x_wconf 79' lang='lat' dir='ltr'><strong>reversus</strong></span> <span class='ocrx_word' id='word_1_218' title='bbox 1211 3223 1243 3284; x_wconf 89' lang='lat' dir='ltr'><strong>in</strong></span> 
     </span>
     <span class='ocr_line' id='line_1_30' title="bbox 177 3321 1241 3407; baseline 0.006 -27"><span class='ocrx_word' id='word_1_219' title='bbox 177 3321 359 3382; x_wconf 86' lang='lat' dir='ltr'><strong>Armeniam</strong></span> <span class='ocrx_word' id='word_1_220' title='bbox 378 3338 489 3402; x_wconf 82' lang='lat' dir='ltr'><strong>regem</strong></span> <span class='ocrx_word' id='word_1_221' title='bbox 509 3321 580 3404; x_wconf 90' lang='lat' dir='ltr'><strong>ejus</strong></span> <span class='ocrx_word' id='word_1_222' title='bbox 600 3322 821 3405; x_wconf 80' lang='lat' dir='ltr'><strong>Artavasden,</strong></span> <span class='ocrx_word' id='word_1_223' title='bbox 848 3322 958 3386; x_wconf 85' lang='lat' dir='ltr'><strong>frande</strong></span> <span class='ocrx_word' id='word_1_224' title='bbox 979 3323 1162 3407; x_wconf 76' lang='lat' dir='ltr'><strong>deceptum,</strong></span> <span class='ocrx_word' id='word_1_225' title='bbox 1182 3339 1241 3386; x_wconf 82' lang='lat' dir='ltr'><strong>oa·</strong></span> 
     </span>
    </p>
   </div>
   <div class='ocr_carea' id='block_1_3' title="bbox 171 3561 1241 4334">
    <p class='ocr_par' dir='ltr' id='par_1_5' title="bbox 171 3561 1241 4334">
     <span class='ocr_line' id='line_1_31' title="bbox 176 3561 1240 3631; baseline 0.002 -17"><span class='ocrx_word' id='word_1_226' title='bbox 176 3564 233 3614; x_wconf 84' lang='lat' dir='ltr'><strong>ieta</strong></span> <span class='ocrx_word' id='word_1_227' title='bbox 250 3574 319 3612; x_wconf 88' lang='lat' dir='ltr'><strong>vero</strong></span> <span class='ocrx_word' id='word_1_228' title='bbox 343 3561 440 3614; x_wconf 74' lang='lat' dir='ltr'><strong>uotam</strong></span> <span class='ocrx_word' id='word_1_229' title='bbox 464 3562 512 3630; x_wconf 81' lang='lat' dir='ltr'><strong>io,</strong></span> <span class='ocrx_word' id='word_1_230' title='bbox 539 3565 568 3614; x_wconf 88' lang='lat' dir='ltr'><strong>ln</strong></span> <span class='ocrx_word' id='word_1_231' title='bbox 591 3566 688 3626; x_wconf 77' lang='lat' dir='ltr'><strong>quinus</strong></span> <span class='ocrx_word' id='word_1_232' title='bbox 705 3566 840 3631; x_wconf 72' lang='lat' dir='ltr'><strong>Lepidum</strong></span> <span class='ocrx_word' id='word_1_233' title='bbox 869 3569 1071 3630; x_wconf 78' lang='lat' dir='ltr'><strong>deprenennere</strong></span> <span class='ocrx_word' id='word_1_234' title='bbox 1095 3564 1240 3616; x_wconf 75' lang='lat' dir='ltr'><strong>sibiniano</strong></span> 
     </span>
     <span class='ocr_line' id='line_1_32' title="bbox 175 3651 1241 3718; baseline 0.001 -16"><span class='ocrx_word' id='word_1_235' title='bbox 175 3656 220 3702; x_wconf 85' lang='lat' dir='ltr'><strong>est</strong></span> <span class='ocrx_word' id='word_1_236' title='bbox 237 3651 401 3714; x_wconf 67' lang='lat' dir='ltr'><strong>Memno,</strong></span> <span class='ocrx_word' id='word_1_237' title='bbox 426 3654 489 3714; x_wconf 85' lang='lat' dir='ltr'><strong>quin</strong></span> <span class='ocrx_word' id='word_1_238' title='bbox 507 3664 542 3702; x_wconf 82' lang='lat' dir='ltr'><strong>ex</strong></span> <span class='ocrx_word' id='word_1_239' title='bbox 562 3655 655 3710; x_wconf 77' lang='lat' dir='ltr'><strong>uerbis</strong></span> <span class='ocrx_word' id='word_1_240' title='bbox 670 3653 810 3708; x_wconf 63' lang='lat' dir='ltr'><strong>auersos</strong></span> <span class='ocrx_word' id='word_1_241' title='bbox 829 3657 897 3706; x_wconf 86' lang='lat' dir='ltr'><strong>oriri</strong></span> <span class='ocrx_word' id='word_1_242' title='bbox 913 3658 1066 3718; x_wconf 88' lang='lat' dir='ltr'><strong>potuerint,</strong></span> <span class='ocrx_word' id='word_1_243' title='bbox 1082 3656 1114 3706; x_wconf 86' lang='lat' dir='ltr'><strong>tu</strong></span> <span class='ocrx_word' id='word_1_244' title='bbox 1131 3651 1241 3712; x_wconf 81' lang='lat' dir='ltr'><strong>syllaba</strong></span> 
     </span>
     <span class='ocr_line' id='line_1_33' title="bbox 174 3737 1239 3810; baseline 0.004 -22"><span class='ocrx_word' id='word_1_245' title='bbox 174 3737 306 3804; x_wconf 55' lang='lat' dir='ltr'><strong>motai</strong></span> <span class='ocrx_word' id='word_1_246' title='bbox 337 3744 449 3802; x_wconf 88' lang='lat' dir='ltr'><strong>propter</strong></span> <span class='ocrx_word' id='word_1_247' title='bbox 471 3739 588 3792; x_wconf 78' lang='lat' dir='ltr'><strong>similem</strong></span> <span class='ocrx_word' id='word_1_248' title='bbox 615 3755 668 3810; x_wconf 85' lang='lat' dir='ltr'><strong>ro,</strong></span> <span class='ocrx_word' id='word_1_249' title='bbox 693 3747 723 3792; x_wconf 88' lang='lat' dir='ltr'><strong>et</strong></span> <span class='ocrx_word' id='word_1_250' title='bbox 740 3756 796 3806; x_wconf 87' lang='lat' dir='ltr'><strong>pro</strong></span> <span class='ocrx_word' id='word_1_251' title='bbox 820 3737 837 3794; x_wconf 76' lang='grc' dir='ltr'><em>ἒ</em></span> <span class='ocrx_word' id='word_1_252' title='bbox 867 3759 882 3794; x_wconf 82' lang='lat' dir='ltr'><strong>e</strong></span> <span class='ocrx_word' id='word_1_253' title='bbox 907 3747 967 3794; x_wconf 84' lang='lat' dir='ltr'><strong>eine</strong></span> <span class='ocrx_word' id='word_1_254' title='bbox 992 3744 1085 3805; x_wconf 79' lang='lat' dir='ltr'><strong>apice,</strong></span> <span class='ocrx_word' id='word_1_255' title='bbox 1112 3753 1174 3792; x_wconf 85' lang='lat' dir='ltr'><strong>mox</strong></span> <span class='ocrx_word' id='word_1_256' title='bbox 1199 3738 1239 3808; x_wconf 82' lang='lat' dir='ltr'><strong>ia,</strong></span> 
     </span>
     <span class='ocr_line' id='line_1_34' title="bbox 171 3828 1237 3893; baseline -0.002 -13"><span class='ocrx_word' id='word_1_257' title='bbox 171 3829 292 3891; x_wconf 84' lang='lat' dir='ltr'><strong>aoripto,</strong></span> <span class='ocrx_word' id='word_1_258' title='bbox 309 3831 365 3878; x_wconf 79' lang='lat' dir='ltr'><strong>ann</strong></span> <span class='ocrx_word' id='word_1_259' title='bbox 382 3841 402 3878; x_wconf 86' lang='lat' dir='ltr'><strong>o</strong></span> <span class='ocrx_word' id='word_1_260' title='bbox 419 3829 448 3878; x_wconf 87' lang='lat' dir='ltr'><strong>io</strong></span> <span class='ocrx_word' id='word_1_261' title='bbox 467 3844 485 3884; x_wconf 82' lang='lat' dir='ltr'><strong>u</strong></span> <span class='ocrx_word' id='word_1_262' title='bbox 502 3833 621 3893; x_wconf 78' lang='lat' dir='ltr'><strong>mutato,</strong></span> <span class='ocrx_word' id='word_1_263' title='bbox 649 3842 727 3882; x_wconf 89' lang='lat' dir='ltr'><strong>nemo</strong></span> <span class='ocrx_word' id='word_1_264' title='bbox 745 3833 838 3882; x_wconf 87' lang='lat' dir='ltr'><strong>harum</strong></span> <span class='ocrx_word' id='word_1_265' title='bbox 856 3845 946 3884; x_wconf 89' lang='lat' dir='ltr'><strong>rerum</strong></span> <span class='ocrx_word' id='word_1_266' title='bbox 963 3831 1069 3893; x_wconf 83' lang='lat' dir='ltr'><strong>peritus</strong></span> <span class='ocrx_word' id='word_1_267' title='bbox 1084 3828 1237 3890; x_wconf 78' lang='lat' dir='ltr'><strong>negaverit</strong></span> 
     </span>
     <span class='ocr_line' id='line_1_35' title="bbox 173 3916 1238 3982; baseline -0.002 -14"><span class='ocrx_word' id='word_1_268' title='bbox 173 3919 263 3968; x_wconf 68' lang='lat' dir='ltr'><strong>mous</strong></span> <span class='ocrx_word' id='word_1_269' title='bbox 281 3919 363 3966; x_wconf 82' lang='lat' dir='ltr'><strong>etiam</strong></span> <span class='ocrx_word' id='word_1_270' title='bbox 380 3917 539 3980; x_wconf 53' lang='lat' dir='ltr'><strong>ambignum,</strong></span> <span class='ocrx_word' id='word_1_271' title='bbox 554 3920 621 3982; x_wconf 81' lang='lat' dir='ltr'><strong>tuit,</strong></span> <span class='ocrx_word' id='word_1_272' title='bbox 639 3921 810 3972; x_wconf 78' lang='lat' dir='ltr'><strong>scribendum</strong></span> <span class='ocrx_word' id='word_1_273' title='bbox 828 3933 890 3972; x_wconf 87' lang='lat' dir='ltr'><strong>esse</strong></span> <span class='ocrx_word' id='word_1_274' title='bbox 908 3921 980 3972; x_wconf 81' lang='lat' dir='ltr'><strong>bono</strong></span> <span class='ocrx_word' id='word_1_275' title='bbox 995 3916 1130 3980; x_wconf 68' lang='lat' dir='ltr'><strong>[onum</strong></span> <span class='ocrx_word' id='word_1_276' title='bbox 1145 3916 1238 3978; x_wconf 79' lang='lat' dir='ltr'><strong>lisque</strong></span> 
     </span>
     <span class='ocr_line' id='line_1_36' title="bbox 175 4003 1238 4079; baseline 0 -23"><span class='ocrx_word' id='word_1_277' title='bbox 175 4006 273 4067; x_wconf 78' lang='lat' dir='ltr'><strong>potore</strong></span> <span class='ocrx_word' id='word_1_278' title='bbox 291 4007 460 4069; x_wconf 79' lang='lat' dir='ltr'><strong>eoogruebat</strong></span> <span class='ocrx_word' id='word_1_279' title='bbox 476 4010 615 4070; x_wconf 77' lang='lat' dir='ltr'><strong>repertum</strong></span> <span class='ocrx_word' id='word_1_280' title='bbox 633 4020 651 4066; x_wconf 75' lang='lat' dir='ltr'><strong>a</strong></span> <span class='ocrx_word' id='word_1_281' title='bbox 667 4008 830 4060; x_wconf 76' lang='lat' dir='ltr'><strong>Ruhnkeoio</strong></span> <span class='ocrx_word' id='word_1_282' title='bbox 856 4005 983 4056; x_wconf 76' lang='lat' dir='ltr'><strong>mutavit.</strong></span> <span class='ocrx_word' id='word_1_283' title='bbox 1013 4003 1058 4064; x_wconf 85' lang='lat' dir='ltr'><strong>qui</strong></span> <span class='ocrx_word' id='word_1_284' title='bbox 1075 4004 1238 4079; x_wconf 62' lang='lat' dir='ltr'><strong>vir-‚doetis-</strong></span> 
     </span>
     <span class='ocr_line' id='line_1_37' title="bbox 174 4092 1235 4168; baseline 0.001 -28"><span class='ocrx_word' id='word_1_285' title='bbox 174 4094 258 4154; x_wconf 72' lang='lat' dir='ltr'><strong>atum</strong></span> <span class='ocrx_word' id='word_1_286' title='bbox 278 4095 367 4168; x_wconf 77' lang='lat' dir='ltr'><strong>minuo</strong></span> <span class='ocrx_word' id='word_1_287' title='bbox 384 4095 514 4160; x_wconf 77' lang='lat' dir='ltr'><strong>proiecit,</strong></span> <span class='ocrx_word' id='word_1_288' title='bbox 536 4107 597 4146; x_wconf 89' lang='lat' dir='ltr'><strong>eum</strong></span> <span class='ocrx_word' id='word_1_289' title='bbox 616 4096 724 4158; x_wconf 69' lang='lat' dir='ltr'><strong>reliqua</strong></span> <span class='ocrx_word' id='word_1_290' title='bbox 740 4097 783 4144; x_wconf 86' lang='lat' dir='ltr'><strong>sio</strong></span> <span class='ocrx_word' id='word_1_291' title='bbox 798 4093 943 4144; x_wconf 78' lang='lat' dir='ltr'><strong>sortiendo</strong></span> <span class='ocrx_word' id='word_1_292' title='bbox 962 4103 1024 4148; x_wconf 76' lang='lat' dir='ltr'><strong>«roae</strong></span> <span class='ocrx_word' id='word_1_293' title='bbox 1044 4092 1235 4147; x_wconf 75' lang='lat' dir='ltr'><strong>arbitraretur:</strong></span> 
     </span>
     <span class='ocr_line' id='line_1_38' title="bbox 178 4177 1236 4249; baseline -0.006 -9"><span class='ocrx_word' id='word_1_294' title='bbox 178 4177 239 4240; x_wconf 69' lang='lat'><strong>⁰¹¹⁰</strong></span> <span class='ocrx_word' id='word_1_295' title='bbox 256 4187 326 4236; x_wconf 82' lang='lat' dir='ltr'><strong>oeat.</strong></span> <span class='ocrx_word' id='word_1_296' title='bbox 345 4182 454 4236; x_wconf 71' lang='lat' dir='ltr'><strong>timor</strong></span> <span class='ocrx_word' id='word_1_297' title='bbox 472 4185 531 4236; x_wconf 81' lang='lat' dir='ltr'><strong>tour</strong></span> <span class='ocrx_word' id='word_1_298' title='bbox 544 4199 592 4247; x_wconf 82' lang='lat' dir='ltr'><strong>pr.</strong></span> <span class='ocrx_word' id='word_1_299' title='bbox 610 4183 739 4249; x_wconf 63' lang='lat' dir='ltr'><strong>amonuit</strong></span> <span class='ocrx_word' id='word_1_300' title='bbox 757 4180 787 4232; x_wconf 83' lang='lat' dir='ltr'><strong>in</strong></span> <span class='ocrx_word' id='word_1_301' title='bbox 804 4177 905 4230; x_wconf 77' lang='lat' dir='ltr'><strong>Sicilia</strong></span> <span class='ocrx_word' id='word_1_302' title='bbox 921 4179 1030 4230; x_wconf 72' lang='lat' dir='ltr'><strong>dedum.</strong></span> <span class='ocrx_word' id='word_1_303' title='bbox 1047 4201 1082 4216; x_wconf 94' lang='lat'><strong>·-</strong></span> <span class='ocrx_word' id='word_1_304' title='bbox 1104 4195 1124 4232; x_wconf 86' lang='lat' dir='ltr'><strong>o</strong></span> <span class='ocrx_word' id='word_1_305' title='bbox 1140 4181 1236 4249; x_wconf 67' lang='lat' dir='ltr'><strong>ombus</strong></span> 
     </span>
     <span class='ocr_line' id='line_1_39' title="bbox 178 4265 1233 4334; baseline 0.002 -16"><span class='ocrx_word' id='word_1_306' title='bbox 178 4269 298 4318; x_wconf 76' lang='lat' dir='ltr'><strong>servari.</strong></span> <span class='ocrx_word' id='word_1_307' title='bbox 316 4273 356 4321; x_wconf 84' lang='lat' dir='ltr'><strong>tto</strong></span> <span class='ocrx_word' id='word_1_308' title='bbox 373 4271 437 4332; x_wconf 72' lang='lat' dir='ltr'><strong>lin,</strong></span> <span class='ocrx_word' id='word_1_309' title='bbox 464 4270 575 4324; x_wconf 83' lang='lat' dir='ltr'><strong>verbum</strong></span> <span class='ocrx_word' id='word_1_310' title='bbox 590 4270 720 4334; x_wconf 81' lang='lat' dir='ltr'><strong>periculo</strong></span> <span class='ocrx_word' id='word_1_311' title='bbox 736 4265 966 4331; x_wconf 83' lang='lat' dir='ltr'><strong>praepositionem</strong></span> <span class='ocrx_word' id='word_1_312' title='bbox 983 4269 1126 4322; x_wconf 76' lang='lat' dir='ltr'><strong>abstulisse</strong></span> <span class='ocrx_word' id='word_1_313' title='bbox 1143 4271 1233 4332; x_wconf 78' lang='lat' dir='ltr'><strong>ratus3</strong></span> 
     </span>
    </p>
   </div>
   <div class='ocr_carea' id='block_1_4' title="bbox 0 0 1500 4894">
    <p class='ocr_par' dir='ltr' id='par_1_6' title="bbox 0 0 1500 4894">
     <span class='ocr_line' id='line_1_40' title="bbox 0 0 1500 4894; baseline 0 7"><span class='ocrx_word' id='word_1_314' title='bbox 0 0 1500 4894; x_wconf 95' lang='lat' dir='ltr'><strong> </strong></span> 
     </span>
    </p>
   </div>
  </div>
 </body>
</html>
