2990 4894
262 319 308 392 tt
709 347 870 398 vuuusrr

261 500 325 552 tum
343 489 478 572 patriae,
498 507 590 571 quam
605 490 700 567 umis
718 489 854 574 petebat,
874 507 993 570 poenas
1012 488 1113 572 dedit3
1132 494 1183 554 vir
1201 497 1327 580 inquies

261 599 294 652 et
321 591 398 653 ultra
426 599 543 654 sortem
562 591 756 654 temerarius.
807 588 971 668 Quatenus
1001 600 1104 654 autem
1138 596 1255 678 aliquid
1282 619 1326 664 ex

260 690 389 756 omissis
412 701 500 773 peto,
526 702 666 769 notatur,
694 691 859 756 immodica
881 700 913 752 et
938 692 1158 774 intempestiva
1179 697 1323 764 libertate

259 807 337 857 usos
356 793 513 856 adversus
528 793 565 856 0.
585 795 757 857 Caesarem
771 793 938 854 Marullum
953 794 1107 880 llpidium,
1127 797 1322 882 blavumque

225 965 227 978 ,
262 894 461 975 Caesetium,
490 894 630 958 tribunos
652 894 751 978 pleb,
781 892 853 976 dum
883 904 1018 974 arguunt
1034 896 1067 958 iu
1088 916 1128 959 eo
1151 901 1236 978 regni
1255 920 1318 964 vo·

258 998 424 1077 luntatem,
443 1013 544 1077 paene
565 997 630 1058 vim
652 995 868 1059 dominationis
884 1007 1044 1077 expertos.
1084 1001 1120 1062 ln
1141 1001 1202 1065 boc
1219 1012 1319 1066 umen

259 1113 358 1174 saepe
377 1097 519 1160 lacessiti
538 1097 687 1178 principis
714 1096 759 1158 ira
782 1097 940 1178 excessit,
973 1107 1021 1184 ut,
1051 1103 1199 1165 censoria
1221 1106 1317 1184 potius

261 1206 426 1262 contentus
453 1207 526 1264 note
549 1217 641 1280 quam
667 1197 939 1260 animadversione
967 1200 1146 1288 dictatoria,
1180 1223 1322 1269 summe-

164 1383 167 1393 ,
251 1309 352 1363 ¹veret
370 1319 427 1363 eos
447 1319 467 1362 a
486 1300 678 1388 republica,
695 1307 934 1387 testareturque,
954 1322 1023 1364 esee
1035 1308 1093 1366 sibe·
1104 1313 1322 1389 miserrimum,

260 1409 346 1478 qnod
378 1413 435 1463 ont
459 1411 577 1462 notura
602 1417 663 1460 sac
691 1407 904 1463 ecceuendam
925 1407 1028 1484 foret,
1069 1418 1127 1468 cat
1154 1411 1324 1472 minuenda

262 1509 403 1578 otpnnoe.
443 1501 511 1563 Sed
530 1500 569 1562 ad
591 1501 730 1562 ordinem
750 1504 972 1567 revertendum
995 1517 1054 1570 est

210 1611 250 1676 69
335 1602 409 1664 Jam
433 1609 465 1664 et
483 1600 643 1680 Dolabella
671 1601 703 1662 iu
730 1602 810 1664 Asia
841 1603 879 1666 C.
901 1607 1087 1671 'l'rebonium
1113 1614 1320 1698 consularem,

260 1703 311 1766 cui
345 1703 571 1785 suscensebat,
607 1702 717 1766 fraude
750 1702 933 1790 deceptum,
966 1708 1121 1792 Smyrnae
1150 1713 1318 1800 occiderat,

258 1807 361 1874 virum
379 1805 537 1868 adversus
555 1806 665 1867 merita
679 1804 830 1868 Caesaris
843 1807 1099 1894 ingratissimum,
1119 1813 1321 1895 participem-

260 1926 322 1987 que
342 1906 452 1969 oaedis
473 1905 559 1992 ejus,
586 1923 687 1986 aquo
706 1908 776 1987 ipse
796 1908 827 1968 iu
847 1912 1012 1974 consulare
1034 1925 1207 1993 provectus
1226 1899 1320 1979 iasti-

259 2007 346 2088 gium
368 2007 482 2086 fuerat,
515 2015 549 2068 et
571 2005 777 2089 C.Cass1u8,
810 2012 952 2092 acceptis
981 2031 1001 2074 a
1025 2013 1124 2076 Statio
1153 2016 1268 2080 Murco
1290 2028 1322 2082 et

260 2106 375 2188 Crispo
395 2107 533 2191 biarcio,
553 2109 716 2189 praetoriis
739 2111 816 2173 viris
834 2111 1149 2196 imperatoribusque,
1182 2137 1320 2199 praeva-

215 2287 218 2300 ι
257 2209 329 2274 lidis
348 2211 380 2274 in
399 2211 495 2293 Syria
516 2210 709 2296 legionibuS,
740 2212 894 2274 inclusum
916 2212 1125 2302 Dolabellam,
1152 2220 1204 2298 qui
1224 2239 1321 2300 prae-

258 2323 412 2396 occupate
425 2312 505 2376 Asia
520 2313 691 2395 iuSyriam
707 2323 905 2396 pervenerat,
924 2314 1121 2401 Laodiceae,
1141 2329 1322 2399 expugnata

258 2435 298 2478 ea
317 2416 412 2499 urbe,
436 2424 580 2500 ceperat,
601 2414 659 2494 (ita
673 2425 794 2499 tamen,
813 2425 847 2478 ut
862 2415 902 2478 ad
921 2416 1016 2478 ictum
1039 2418 1125 2480 servi
1145 2419 1196 2481 sui
1218 2419 1319 2483 Dola·

257 2518 340 2580 bella
356 2536 418 2578 non
438 2518 579 2595 segniter
599 2515 760 2579 sermnem
781 2516 901 2600 daret),
931 2525 962 2580 et
982 2517 1097 2582 decem
1112 2519 1264 2600 'legiones
1288 2522 1320 2584 in

269 2671 498 2686 *—

259 2769 305 2818 Kr.
323 2753 400 2818 libri:
428 2743 485 2818 tum
500 2769 529 2820 P.
545 2767 576 2819 G.
601 2793 635 2807 -
658 2774 737 2823 abac
755 2757 939 2827 sorbentem.
958 2773 975 2818 i.
995 2784 1019 2820 e.
1037 2721 1311 2830 magisquarn'locus

259 2859 379 2919 ordoque
391 2851 450 2920 ejus
465 2861 611 2921 pateretur.
626 2859 704 2910 libri:
722 2860 833 2925 sortem.
849 2885 884 2896 -
900 2859 1013 2908 soloece
1027 2861 1118 2908 coda:
1138 2858 1162 2908 ei
1180 2858 1317 2909 eonceden-

210 2963 219 2974 “
261 2949 325 2999 oum
340 2959 391 3010 pro
411 2945 463 2998 sibi
479 2960 522 2998 en.
540 2950 628 2998 ertum
645 2948 671 2998 εἰ
688 2951 870 3011 exsequente
888 2945 1006 3008 syllaba.

330 3037 371 3084 69.
407 3039 591 3088 suscensebat.
610 3039 649 3086 ita
664 3039 690 3085 R
709 3041 737 3087 et
758 3039 818 3100 Ka,
836 3049 885 3086 seu
903 3037 994 3098 potius
1012 3035 1208 3101 succensebat,
1227 3038 1317 3086 veteri

261 3136 336 3172 more
353 3126 497 3174 scribendi.
522 3124 600 3176 libri:
619 3127 798 3188 succedebat,
818 3135 878 3175 cum
897 3125 1034 3174 Trebonio
1052 3125 1132 3186 Asia,
1156 3122 1319 3174 Dolabellae

260 3211 456 3275 autcmsyria,
474 3215 617 3275 provincia
634 3216 798 3265 obvenisset.
815 3237 851 3248 -
868 3216 990 3277 ceperat.
1009 3215 1051 3262 sic
1064 3210 1136 3262 liber
1146 3212 1317 3278 Amerbacb,
1334 3216 1336 3225 ¹

260 3300 422 3351 Vossianam
439 3300 601 3352 confirmans
618 3304 839 3354 emendationem.
869 3304 939 3362 quod
965 3303 1058 3352 babuit
1075 3300 1198 3352 aberant
1224 3305 1318 3366 codex,

258 3388 382 3454 fecerat,
403 3388 500 3436 mendo
518 3390 621 3452 duplici
637 3390 759 3455 laboret,
777 3404 794 3452 p
812 3392 840 3440 in
858 3391 1008 3452 instato,
1027 3392 1055 3440 et
1071 3387 1174 3440 litteris
1192 3391 1319 3453 syllaba-

261 3491 319 3530 rum
335 3475 484 3528 initialibus
503 3479 623 3528 coutusis
642 3481 695 3543 ita,
718 3483 748 3530 ut
764 3479 853 3530 altera
869 3479 984 3528 alterius
998 3477 1064 3527 ioco
1085 3481 1318 3543 perscriberetur3

220 3598 223 3604 ,
261 3579 330 3628 quae
348 3576 451 3630 genera
468 3567 651 3626 corruptionis
663 3566 724 3629 plus
740 3579 818 3629 quam
830 3565 915 3616 semel
929 3567 1074 3628 tetigimus.
1095 3579 1237 3630 perperam
1246 3569 1321 3617 llbe-

260 3667 346 3708 aanue
366 3655 466 3718 aliique
484 3650 647 3716 confecerat
664 3655 711 3704 vel
728 3653 912 3720 interfecerat
928 3657 1081 3718 ponendum
1099 3668 1160 3707 esse
1178 3658 1318 3706 exutima

261 3749 368 3794 verunt.
386 3769 421 3780 -
447 3741 518 3794 nulli
535 3755 591 3794 non
609 3743 680 3792 idem
696 3743 782 3807 libem
801 3743 941 3794 libenaui:
960 3743 1031 3794 nubi
1048 3744 1153 3796 nomini
1169 3759 1242 3804 noa,·
1261 3743 1319 3790 Va-

262 3841 405 3884 scosanus:
431 3830 502 3882 nulli
517 3828 619 3882 bomini
636 3843 706 3896 non,
738 3827 815 3894 cujus
833 3828 1007 3896 conjecturae
1025 3836 1147 3894 quamvis
1165 3829 1320 3882 blandiatur

263 3917 397 3985 facilitas,
423 3915 511 3972 temen
529 3917 690 3968 Ruhnkenio
714 3923 873 3985 assentior„
889 3900 986 3971 vo'cem
1014 3922 1119 3988 nomini
1137 3933 1172 3972 ex
1194 3917 1319 3966 venante

177 4061 187 4074 ,
263 4006 399 4066 scriptum
414 4007 553 4072 sequentis
572 4019 634 4060 'non
661 4011 750 4058 ortum
775 4020 835 4058 csse
862 4011 1041 4072 existimanti3
1065 4011 1148 4071 idque
1172 4005 1317 4068 propterea

264 4094 333 4156 quod
353 4095 446 4146 nuum
463 4099 508 4148 bic
524 4110 580 4148 uon
597 4099 640 4148 est
656 4095 850 4157 intelligendus
867 4099 945 4149 bomo
963 4099 1066 4160 salba,
1084 4095 1204 4146 aeddan
1215 4093 1319 4155 nubas,

264 4182 416 4245 oppositum
432 4187 529 4248 quippe
546 4186 639 4238 verbis
657 4184 768 4237 cuilibet
790 4184 897 4238 ducum.
923 4207 958 4220 -
985 4186 1134 4236 teneretur.
1164 4184 1191 4232 iri
1215 4189 1318 4244 quoque

266 4273 389 4324 debemus
407 4270 476 4320 libro
494 4274 690 4326 Ainerbacbio:
708 4286 768 4325 unm
786 4272 908 4326 lllrennnl
927 4274 1019 4326 babuit
1035 4273 1188 4338 videretis,
1206 4271 1318 4322 librarlo
