2998 4896
523 1265 986 1434 ‘vernulum
1062 1401 1074 1436 ,

312 1739 383 1794 Non
404 1738 507 1792 omnic
517 1750 687 1808 possumne
700 1751 814 1800 omnes.
842 1733 1017 1798 Veritatem
1032 1731 1125 1815 liujus
1138 1737 1296 1816 proverbii

234 1853 371 1920 editores
386 1863 531 1920 veterum
548 1855 733 1935 scriptorum
746 1855 885 1943 probent,
906 1876 1036 1940 quorum
1049 1858 1200 1938 editorum
1217 1861 1297 1926 elius

233 1984 323 2046 elium
343 1981 403 2044 sibi
421 1980 583 2045 vindicare
603 1981 685 2044 solet
695 1981 899 2069 provinciam,
918 1983 970 2048 hic
987 1984 1173 2062 emendandi
1185 1986 1294 2068 verbu,

231 2109 283 2202 ille
301 2105 539 2188 interpretandi,
567 2107 677 2171 tertius
703 2107 869 2188 colligendi
892 2110 1021 2197 similia,
1048 2112 1101 2172 vel
1128 2109 1169 2174 de
1188 2112 1294 2194 rebius,

232 2206 312 2316 ques
333 2229 412 2292 liber
430 2231 584 2318 continet,
617 2231 807 2317 disputandi,
838 2233 909 2296 sive
938 2233 1080 2297 omnibus
1108 2237 1293 2320 generatim,

228 2377 290 2428 seu
312 2357 493 2438 specialiter
510 2357 567 2435 iis,
589 2357 701 2439 quibus
721 2376 797 2438 pree
817 2361 933 2420 ceteris
953 2359 1058 2420 studet
1077 2367 1109 2423 et
1128 2362 1160 2422 in
1181 2361 1293 2440 quibus

232 2481 401 2546 tractandis
421 2481 580 2544 excellere
600 2481 660 2544 sibi
681 2481 821 2561 videtur;
855 2480 1114 2562 quemadmodum
1135 2483 1175 2554 J.
1195 2483 1293 2560 Heni.

230 2607 404 2670 Boeclerus
423 2625 452 2670 e.
473 2605 565 2670 1672.
586 2605 682 2668 edidit
708 2607 936 2688 expositionem
957 2606 1182 2672 Chereoterum
1210 2610 1293 2690 poli·

229 2732 359 2796 tiecrum
378 2732 462 2814 opud
481 2731 640 2812 Vellejum
658 2732 867 2796 Paterculum.
906 2733 980 2828 Nec
1010 2751 1088 2796 seue
1116 2733 1222 2796 inutile
1242 2745 1293 2820 est

231 2857 305 2919 illud
335 2857 517 2943 consilium,
548 2867 579 2920 et
599 2857 765 2938 optandum
783 2855 878 2941 foret,
903 2866 937 2920 ut
957 2858 1090 2940 quisque
1110 2861 1197 2924 velut
1214 2879 1288 2942 pro-

228 2984 329 3066 prium
349 2982 408 3044 sibi
427 3002 539 3046 munus
559 2983 677 3068 obiret,
709 2981 770 3046 n'ec
788 2992 958 3066 vagaretur
976 2992 1067 3046 extre
1086 2985 1183 3062 oleos.
1223 2985 1290 3050 Sed

229 3107 291 3170 lroc
310 3116 344 3170 ut
364 3107 464 3192 lieret,
483 3109 673 3192 acquirendo
692 3116 784 3170 oeteo
803 3107 917 3190 cuique
936 3107 1017 3171 foret
1035 3108 1147 3172 virium
1164 3128 1290 3178 suorum

230 3233 384 3316 cognitio,
412 3252 492 3316 quac
513 3253 583 3298 cunr
604 3255 661 3316 per
680 3252 717 3296 se
738 3233 874 3298 difficilis
893 3242 961 3314 est,
987 3242 1053 3296 tum
1072 3235 1208 3300 maxime
1227 3235 1288 3298 im·
1347 3201 1349 3210 ,

229 3357 352 3437 peditur
371 3358 551 3442 φιλαυτίᾳ,
573 3379 645 3443 qun,
663 3359 811 3442 quidquid
831 3359 900 3422 eliis
922 3358 1076 3445 succedit,
1094 3361 1126 3424 in
1142 3381 1182 3424 eo
1195 3361 1287 3422 etium
1321 3383 1325 3392 =

229 3483 318 3563 ipsos
337 3483 534 3566 profecturos
563 3502 640 3546 esse
667 3485 808 3566 plerique
832 3483 976 3548 homines
1004 3494 1141 3568 sperent.
1176 3483 1287 3552 lister

228 3609 310 3670 aliud
338 3607 591 3689 impedimentum
615 3610 687 3672 boni
717 3611 749 3670 in
774 3609 836 3672 hoc
855 3628 985 3692 genere.
1024 3610 1108 3690 lieo,
1139 3605 1285 3670 imbutum

228 3750 304 3794 esse
324 3734 459 3816 aliquem
478 3753 573 3797 aureo
593 3736 644 3798 illu
662 3744 833 3816 praecepto
851 3735 968 3800 tecm
995 3730 1150 3800 cecoton:
1182 3739 1285 3796 temen
1339 3773 1341 3778 ,

228 3857 342 3932 frustra
370 3859 506 3924 insumet
538 3880 680 3946 operum,
713 3861 773 3923 nisi
801 3861 999 3943 perspexerit
1025 3857 1130 3941 simul,
1164 3876 1226 3938 quo
1249 3878 1284 3920 re

228 3985 341 4066 cuique
361 3988 480 4048 auctori
499 3987 635 4050 maxime
655 4006 735 4084 opus
755 3987 807 4049 sit.
827 3987 932 4066 Atque
952 3983 1003 4044 hio
1021 4000 1144 4068 quoque
1162 3983 1283 4064 plurimi

226 4112 399 4174 transversi
418 4122 569 4196 aguntur,
590 4133 660 4178 curu
680 4134 741 4177 uon
761 4111 809 4196 id,
842 4108 924 4191 quod
945 4110 1062 4172 auctori
1074 4109 1192 4193 deest,
1223 4107 1281 4171 sed

210 4234 313 4326 illud,
344 4237 427 4318 quod
447 4237 525 4318 ipsis
545 4249 707 4322 superest,
736 4233 950 4321 considerent,
980 4253 1080 4317 eoque
1101 4254 1161 4298 uno
1181 4233 1281 4296 omniu
