<?xml version="1.0" encoding="UTF-8"?>
<!DOCTYPE html PUBLIC "-//W3C//DTD XHTML 1.0 Transitional//EN"
    "http://www.w3.org/TR/xhtml1/DTD/xhtml1-transitional.dtd">
<html xmlns="http://www.w3.org/1999/xhtml" xml:lang="en" lang="en">
 <head>
  <title>
</title>
<meta http-equiv="Content-Type" content="text/html;charset=utf-8" />
  <meta name='ocr-system' content='tesseract 3.04.00' />
  <meta name='ocr-capabilities' content='ocr_page ocr_carea ocr_par ocr_line ocrx_word'/>
</head>
<body>
  <div class='ocr_page' id='page_1' title='image "./vellejipatercul00pategoog_0009.png"; bbox 0 0 2998 4896; ppageno 0'>
   <div class='ocr_carea' id='block_1_1' title="bbox 211 347 852 404">
    <p class='ocr_par' dir='ltr' id='par_1_1' title="bbox 211 347 852 404">
     <span class='ocr_line' id='line_1_1' title="bbox 211 347 852 404; baseline -0.009 0"><span class='ocrx_word' id='word_1_1' title='bbox 211 355 254 404; x_wconf 89' lang='lat' dir='ltr'><strong>lV</strong></span> <span class='ocrx_word' id='word_1_2' title='bbox 624 347 852 402; x_wconf 70' lang='lat' dir='ltr'><strong>PRAEFATIO.</strong></span> 
     </span>
    </p>
   </div>
   <div class='ocr_carea' id='block_1_2' title="bbox 208 490 1319 1331">
    <p class='ocr_par' dir='ltr' id='par_1_2' title="bbox 208 490 1269 1082">
     <span class='ocr_line' id='line_1_2' title="bbox 209 490 1269 590; baseline -0.005 -30"><span class='ocrx_word' id='word_1_3' title='bbox 209 517 247 561; x_wconf 87' lang='lat' dir='ltr'><strong>se</strong></span> <span class='ocrx_word' id='word_1_4' title='bbox 267 497 395 561; x_wconf 83' lang='lat' dir='ltr'><strong>eilieere</strong></span> <span class='ocrx_word' id='word_1_5' title='bbox 414 515 514 580; x_wconf 88' lang='lat' dir='ltr'><strong>posse</strong></span> <span class='ocrx_word' id='word_1_6' title='bbox 535 513 699 590; x_wconf 85' lang='lat' dir='ltr'><strong>perperam</strong></span> <span class='ocrx_word' id='word_1_7' title='bbox 712 495 904 558; x_wconf 79' lang='lat' dir='ltr'><strong>arbitrantur.</strong></span> <span class='ocrx_word' id='word_1_8' title='bbox 943 493 1050 572; x_wconf 89' lang='lat' dir='ltr'><strong>ltaque</strong></span> <span class='ocrx_word' id='word_1_9' title='bbox 1066 490 1269 556; x_wconf 87' lang='lat' dir='ltr'><strong>Grammatici</strong></span> 
     </span>
     <span class='ocr_line' id='line_1_3' title="bbox 208 615 1267 707; baseline -0.008 -21"><span class='ocrx_word' id='word_1_10' title='bbox 208 621 467 707; x_wconf 73' lang='lat' dir='ltr'><strong>grammaticalia,</strong></span> <span class='ocrx_word' id='word_1_11' title='bbox 486 621 682 684; x_wconf 84' lang='lat' dir='ltr'><strong>historiarum</strong></span> <span class='ocrx_word' id='word_1_12' title='bbox 701 618 793 700; x_wconf 89' lang='lat' dir='ltr'><strong>periti</strong></span> <span class='ocrx_word' id='word_1_13' title='bbox 811 616 970 696; x_wconf 78' lang='lat' dir='ltr'><strong>historias,</strong></span> <span class='ocrx_word' id='word_1_14' title='bbox 988 615 1039 677; x_wconf 91' lang='lat' dir='ltr'><strong>alii</strong></span> <span class='ocrx_word' id='word_1_15' title='bbox 1058 616 1127 707; x_wconf 78' lang='lat' dir='ltr'><strong>alia,</strong></span> <span class='ocrx_word' id='word_1_16' title='bbox 1147 616 1177 678; x_wconf 90' lang='lat' dir='ltr'><strong>in</strong></span> <span class='ocrx_word' id='word_1_17' title='bbox 1194 617 1267 695; x_wconf 84' lang='lat' dir='ltr'><strong>qui·-</strong></span> 
     </span>
     <span class='ocr_line' id='line_1_4' title="bbox 209 739 1269 830; baseline -0.007 -20"><span class='ocrx_word' id='word_1_18' title='bbox 209 749 268 812; x_wconf 85' lang='lat' dir='ltr'><strong>bus</strong></span> <span class='ocrx_word' id='word_1_19' title='bbox 296 748 355 812; x_wconf 87' lang='lat' dir='ltr'><strong>sibi</strong></span> <span class='ocrx_word' id='word_1_20' title='bbox 372 749 524 830; x_wconf 66' lang='lat' dir='ltr'><strong>placent,</strong></span> <span class='ocrx_word' id='word_1_21' title='bbox 563 747 656 810; x_wconf 89' lang='lat' dir='ltr'><strong>etiam</strong></span> <span class='ocrx_word' id='word_1_22' title='bbox 689 744 740 807; x_wconf 93' lang='lat' dir='ltr'><strong>ubi</strong></span> <span class='ocrx_word' id='word_1_23' title='bbox 769 742 895 804; x_wconf 89' lang='lat' dir='ltr'><strong>minime</strong></span> <span class='ocrx_word' id='word_1_24' title='bbox 927 739 1069 826; x_wconf 84' lang='lat' dir='ltr'><strong>expedit,</strong></span> <span class='ocrx_word' id='word_1_25' title='bbox 1103 741 1269 825; x_wconf 75' lang='lat' dir='ltr'><strong>inculcant⁷</strong></span> 
     </span>
     <span class='ocr_line' id='line_1_5' title="bbox 209 867 1268 956; baseline -0.006 -20"><span class='ocrx_word' id='word_1_26' title='bbox 209 875 322 956; x_wconf 86' lang='lat' dir='ltr'><strong>suique</strong></span> <span class='ocrx_word' id='word_1_27' title='bbox 338 870 546 936; x_wconf 85' lang='lat' dir='ltr'><strong>tanhrmmodo</strong></span> <span class='ocrx_word' id='word_1_28' title='bbox 562 871 713 934; x_wconf 87' lang='lat' dir='ltr'><strong>rationem</strong></span> <span class='ocrx_word' id='word_1_29' title='bbox 729 868 881 932; x_wconf 88' lang='lat' dir='ltr'><strong>babentes</strong></span> <span class='ocrx_word' id='word_1_30' title='bbox 895 867 1090 952; x_wconf 83' lang='lat' dir='ltr'><strong>scriptorem,</strong></span> <span class='ocrx_word' id='word_1_31' title='bbox 1110 867 1161 930; x_wconf 92' lang='lat' dir='ltr'><strong>oui</strong></span> <span class='ocrx_word' id='word_1_32' title='bbox 1177 885 1268 949; x_wconf 86' lang='lat' dir='ltr'><strong>opem</strong></span> 
     </span>
     <span class='ocr_line' id='line_1_6' title="bbox 209 997 637 1082; baseline -0.012 -21"><span class='ocrx_word' id='word_1_33' title='bbox 209 999 335 1081; x_wconf 89' lang='lat' dir='ltr'><strong>polliciti</strong></span> <span class='ocrx_word' id='word_1_34' title='bbox 350 1006 438 1082; x_wconf 61' lang='lat' dir='ltr'><strong>sunt3</strong></span> <span class='ocrx_word' id='word_1_35' title='bbox 459 997 637 1060; x_wconf 88' lang='lat' dir='ltr'><strong>destituunt.</strong></span> 
     </span>
    </p>

    <p class='ocr_par' dir='ltr' id='par_1_3' title="bbox 210 1117 1319 1331">
     <span class='ocr_line' id='line_1_7' title="bbox 285 1117 1319 1207; baseline -0.006 -23"><span class='ocrx_word' id='word_1_36' title='bbox 285 1122 319 1184; x_wconf 94' lang='lat' dir='ltr'><strong>ld</strong></span> <span class='ocrx_word' id='word_1_37' title='bbox 338 1123 381 1186; x_wconf 88' lang='lat' dir='ltr'><strong>ita</strong></span> <span class='ocrx_word' id='word_1_38' title='bbox 399 1141 437 1184; x_wconf 91' lang='lat' dir='ltr'><strong>se</strong></span> <span class='ocrx_word' id='word_1_39' title='bbox 457 1122 591 1207; x_wconf 82' lang='lat' dir='ltr'><strong>hahere,</strong></span> <span class='ocrx_word' id='word_1_40' title='bbox 623 1121 768 1202; x_wconf 90' lang='lat' dir='ltr'><strong>Vellejus</strong></span> <span class='ocrx_word' id='word_1_41' title='bbox 788 1122 880 1181; x_wconf 87' lang='lat' dir='ltr'><strong>etiam</strong></span> <span class='ocrx_word' id='word_1_42' title='bbox 900 1119 969 1200; x_wconf 88' lang='lat' dir='ltr'><strong>ipse</strong></span> <span class='ocrx_word' id='word_1_43' title='bbox 998 1117 1184 1181; x_wconf 87' lang='lat' dir='ltr'><strong>documento</strong></span> <span class='ocrx_word' id='word_1_44' title='bbox 1203 1129 1267 1182; x_wconf 86' lang='lat' dir='ltr'><strong>est:</strong></span> <span class='ocrx_word' id='word_1_45' title='bbox 1318 1129 1319 1133; x_wconf 76' lang='grc'>’</span> 
     </span>
     <span class='ocr_line' id='line_1_8' title="bbox 210 1243 1268 1331; baseline -0.004 -21"><span class='ocrx_word' id='word_1_46' title='bbox 210 1266 229 1310; x_wconf 90' lang='lat' dir='ltr'><strong>a</strong></span> <span class='ocrx_word' id='word_1_47' title='bbox 249 1267 309 1331; x_wconf 89' lang='lat' dir='ltr'><strong>quo</strong></span> <span class='ocrx_word' id='word_1_48' title='bbox 328 1248 469 1331; x_wconf 88' lang='lat' dir='ltr'><strong>proditae</strong></span> <span class='ocrx_word' id='word_1_49' title='bbox 489 1248 647 1331; x_wconf 78' lang='lat' dir='ltr'><strong>historiae,</strong></span> <span class='ocrx_word' id='word_1_50' title='bbox 665 1248 803 1326; x_wconf 86' lang='lat' dir='ltr'><strong>itemque</strong></span> <span class='ocrx_word' id='word_1_51' title='bbox 822 1243 999 1325; x_wconf 77' lang='lat' dir='ltr'><strong>elegantiae</strong></span> <span class='ocrx_word' id='word_1_52' title='bbox 1012 1245 1177 1328; x_wconf 82' lang='lat' dir='ltr'><strong>sermonis,</strong></span> <span class='ocrx_word' id='word_1_53' title='bbox 1197 1263 1268 1307; x_wconf 89' lang='lat' dir='ltr'><strong>eum</strong></span> 
     </span>
    </p>
   </div>
   <div class='ocr_carea' id='block_1_3' title="bbox 210 1359 1483 1457">
    <p class='ocr_par' dir='ltr' id='par_1_4' title="bbox 210 1359 1483 1457">
     <span class='ocr_line' id='line_1_9' title="bbox 210 1359 1483 1457; baseline -0.005 -20"><span class='ocrx_word' id='word_1_54' title='bbox 210 1393 315 1457; x_wconf 89' lang='lat' dir='ltr'><strong>neque</strong></span> <span class='ocrx_word' id='word_1_55' title='bbox 344 1374 497 1437; x_wconf 88' lang='lat' dir='ltr'><strong>obscurae</strong></span> <span class='ocrx_word' id='word_1_56' title='bbox 526 1378 614 1450; x_wconf 84' lang='lat' dir='ltr'><strong>sunt,</strong></span> <span class='ocrx_word' id='word_1_57' title='bbox 645 1359 677 1432; x_wconf 77' lang='lat' dir='ltr'><strong>ei</strong></span> <span class='ocrx_word' id='word_1_58' title='bbox 703 1369 868 1454; x_wconf 78' lang='lat' dir='ltr'><strong>aLipsio,</strong></span> <span class='ocrx_word' id='word_1_59' title='bbox 899 1367 1103 1454; x_wconf 81' lang='lat' dir='ltr'><strong>Rulrnkenio,</strong></span> <span class='ocrx_word' id='word_1_60' title='bbox 1136 1369 1268 1452; x_wconf 86' lang='lat' dir='ltr'><strong>aliisquo</strong></span> <span class='ocrx_word' id='word_1_61' title='bbox 1365 1412 1369 1427; x_wconf 49' lang='lat' dir='ltr'><strong>r</strong></span> <span class='ocrx_word' id='word_1_62' title='bbox 1478 1442 1483 1455; x_wconf 39' lang='grc' dir='ltr'>Ι</span> 
     </span>
    </p>
   </div>
   <div class='ocr_carea' id='block_1_4' title="bbox 207 1493 1348 2082">
    <p class='ocr_par' dir='ltr' id='par_1_5' title="bbox 207 1493 1348 2082">
     <span class='ocr_line' id='line_1_10' title="bbox 210 1493 1268 1580; baseline -0.002 -20"><span class='ocrx_word' id='word_1_63' title='bbox 210 1499 288 1560; x_wconf 88' lang='lat' dir='ltr'><strong>viris</strong></span> <span class='ocrx_word' id='word_1_64' title='bbox 308 1497 426 1578; x_wconf 81' lang='lat' dir='ltr'><strong>doctis,</strong></span> <span class='ocrx_word' id='word_1_65' title='bbox 445 1493 568 1556; x_wconf 87' lang='lat' dir='ltr'><strong>abunde</strong></span> <span class='ocrx_word' id='word_1_66' title='bbox 587 1494 779 1580; x_wconf 77' lang='lat' dir='ltr'><strong>explicatae,</strong></span> <span class='ocrx_word' id='word_1_67' title='bbox 799 1502 970 1578; x_wconf 81' lang='lat' dir='ltr'><strong>contraque</strong></span> <span class='ocrx_word' id='word_1_68' title='bbox 989 1494 1085 1556; x_wconf 89' lang='lat' dir='ltr'><strong>verba</strong></span> <span class='ocrx_word' id='word_1_69' title='bbox 1106 1497 1268 1559; x_wconf 81' lang='lat' dir='ltr'><strong>sexcentis</strong></span> 
     </span>
     <span class='ocr_line' id='line_1_11' title="bbox 207 1612 1348 1706; baseline 0 -22"><span class='ocrx_word' id='word_1_70' title='bbox 207 1623 313 1685; x_wconf 84' lang='lat' dir='ltr'><strong>adhue</strong></span> <span class='ocrx_word' id='word_1_71' title='bbox 332 1621 364 1684; x_wconf 91' lang='lat' dir='ltr'><strong>in</strong></span> <span class='ocrx_word' id='word_1_72' title='bbox 381 1620 461 1684; x_wconf 90' lang='lat' dir='ltr'><strong>loeis</strong></span> <span class='ocrx_word' id='word_1_73' title='bbox 490 1617 545 1682; x_wconf 90' lang='lat' dir='ltr'><strong>vel</strong></span> <span class='ocrx_word' id='word_1_74' title='bbox 573 1620 759 1706; x_wconf 86' lang='lat' dir='ltr'><strong>depravata,</strong></span> <span class='ocrx_word' id='word_1_75' title='bbox 788 1621 842 1682; x_wconf 90' lang='lat' dir='ltr'><strong>vel</strong></span> <span class='ocrx_word' id='word_1_76' title='bbox 862 1621 1067 1702; x_wconf 68' lang='lat' dir='ltr'><strong>nansposita,</strong></span> <span class='ocrx_word' id='word_1_77' title='bbox 1098 1621 1268 1684; x_wconf 81' lang='lat' dir='ltr'><strong>ueletiam</strong></span> <span class='ocrx_word' id='word_1_78' title='bbox 1345 1612 1348 1623; x_wconf 76' lang='grc'><em>’</em></span> 
     </span>
     <span class='ocr_line' id='line_1_12' title="bbox 210 1743 1269 1830; baseline 0 -20"><span class='ocrx_word' id='word_1_79' title='bbox 210 1743 330 1810; x_wconf 82' lang='lat' dir='ltr'><strong>teme&#39;re</strong></span> <span class='ocrx_word' id='word_1_80' title='bbox 349 1745 468 1810; x_wconf 77' lang='lat' dir='ltr'><strong>omissa</strong></span> <span class='ocrx_word' id='word_1_81' title='bbox 487 1743 666 1830; x_wconf 82' lang='lat' dir='ltr'><strong>videantur,</strong></span> <span class='ocrx_word' id='word_1_82' title='bbox 695 1753 799 1808; x_wconf 88' lang='lat' dir='ltr'><strong>tamen</strong></span> <span class='ocrx_word' id='word_1_83' title='bbox 818 1745 899 1810; x_wconf 89' lang='lat' dir='ltr'><strong>haec</strong></span> <span class='ocrx_word' id='word_1_84' title='bbox 924 1746 1065 1828; x_wconf 81' lang='lat' dir='ltr'><strong>plerique</strong></span> <span class='ocrx_word' id='word_1_85' title='bbox 1084 1745 1269 1826; x_wconf 86' lang='lat' dir='ltr'><strong>interpretes</strong></span> 
     </span>
     <span class='ocr_line' id='line_1_13' title="bbox 210 1871 1269 1954; baseline 0 -18"><span class='ocrx_word' id='word_1_86' title='bbox 210 1871 390 1954; x_wconf 80' lang='lat' dir='ltr'><strong>negligunt,</strong></span> <span class='ocrx_word' id='word_1_87' title='bbox 430 1871 638 1954; x_wconf 84' lang='lat' dir='ltr'><strong>libentiusque</strong></span> <span class='ocrx_word' id='word_1_88' title='bbox 670 1871 753 1932; x_wconf 89' lang='lat' dir='ltr'><strong>trita&#39;</strong></span> <span class='ocrx_word' id='word_1_89' title='bbox 767 1871 902 1952; x_wconf 89' lang='lat' dir='ltr'><strong>priorum</strong></span> <span class='ocrx_word' id='word_1_90' title='bbox 934 1871 988 1932; x_wconf 83' lang='lat' dir='ltr'><strong>vi&#39;a</strong></span> <span class='ocrx_word' id='word_1_91' title='bbox 1016 1871 1151 1951; x_wconf 82' lang='lat' dir='ltr'><strong>pergunt</strong></span> <span class='ocrx_word' id='word_1_92' title='bbox 1176 1889 1269 1952; x_wconf 89' lang='lat' dir='ltr'><strong>quam</strong></span> 
     </span>
     <span class='ocr_line' id='line_1_14' title="bbox 212 1993 1271 2082; baseline 0.001 -23"><span class='ocrx_word' id='word_1_93' title='bbox 212 1997 334 2060; x_wconf 86' lang='lat' dir='ltr'><strong>semita</strong></span> <span class='ocrx_word' id='word_1_94' title='bbox 352 1995 500 2059; x_wconf 88' lang='lat' dir='ltr'><strong>incedunt</strong></span> <span class='ocrx_word' id='word_1_95' title='bbox 528 2014 612 2059; x_wconf 85' lang='lat' dir='ltr'><strong>nova</strong></span> <span class='ocrx_word' id='word_1_96' title='bbox 639 2005 671 2058; x_wconf 89' lang='lat' dir='ltr'><strong>et</strong></span> <span class='ocrx_word' id='word_1_97' title='bbox 700 2013 767 2058; x_wconf 87' lang='lat' dir='ltr'><strong>sua.</strong></span> <span class='ocrx_word' id='word_1_98' title='bbox 808 1993 888 2073; x_wconf 80' lang='lat' dir='ltr'><strong>Quis</strong></span> <span class='ocrx_word' id='word_1_99' title='bbox 918 1996 999 2058; x_wconf 88' lang='lat' dir='ltr'><strong>enim</strong></span> <span class='ocrx_word' id='word_1_100' title='bbox 1029 1996 1168 2082; x_wconf 88' lang='lat' dir='ltr'><strong>ignorat,</strong></span> <span class='ocrx_word' id='word_1_101' title='bbox 1197 1997 1271 2060; x_wconf 88' lang='lat' dir='ltr'><strong>nihil</strong></span> 
     </span>
    </p>
   </div>
   <div class='ocr_carea' id='block_1_5' title="bbox 213 2103 1385 2204">
    <p class='ocr_par' dir='ltr' id='par_1_6' title="bbox 213 2103 1385 2204">
     <span class='ocr_line' id='line_1_15' title="bbox 213 2103 1385 2204; baseline -0.003 -16"><span class='ocrx_word' id='word_1_102' title='bbox 213 2123 389 2204; x_wconf 84' lang='lat' dir='ltr'><strong>corrhptius</strong></span> <span class='ocrx_word' id='word_1_103' title='bbox 409 2131 485 2185; x_wconf 87' lang='lat' dir='ltr'><strong>es&#39;se</strong></span> <span class='ocrx_word' id='word_1_104' title='bbox 499 2105 673 2203; x_wconf 83' lang='lat' dir='ltr'><strong>Vellejania</strong></span> <span class='ocrx_word' id='word_1_105' title='bbox 693 2121 797 2202; x_wconf 75' lang='lat' dir='ltr'><strong>libris‚‘</strong></span> <span class='ocrx_word' id='word_1_106' title='bbox 809 2121 938 2202; x_wconf 79' lang='lat' dir='ltr'><strong>quornm</strong></span> <span class='ocrx_word' id='word_1_107' title='bbox 951 2123 1080 2196; x_wconf 83' lang='lat' dir='ltr'><strong>alterum</strong></span> <span class='ocrx_word' id='word_1_108' title='bbox 1096 2123 1167 2187; x_wconf 90' lang='lat' dir='ltr'><strong>olim</strong></span> <span class='ocrx_word' id='word_1_109' title='bbox 1180 2122 1272 2186; x_wconf 77' lang='lat' dir='ltr'><strong>ltne-</strong></span> <span class='ocrx_word' id='word_1_110' title='bbox 1379 2103 1385 2118; x_wconf 76' lang='grc'><strong>’</strong></span> 
     </span>
    </p>
   </div>
   <div class='ocr_carea' id='block_1_6' title="bbox 212 2245 1310 2578">
    <p class='ocr_par' dir='ltr' id='par_1_7' title="bbox 212 2245 1310 2578">
     <span class='ocr_line' id='line_1_16' title="bbox 213 2245 1273 2334; baseline 0 -22"><span class='ocrx_word' id='word_1_111' title='bbox 213 2251 314 2312; x_wconf 84' lang='lat' dir='ltr'><strong>nanus</strong></span> <span class='ocrx_word' id='word_1_112' title='bbox 335 2247 514 2334; x_wconf 79' lang='lat' dir='ltr'><strong>usurpavit,</strong></span> <span class='ocrx_word' id='word_1_113' title='bbox 534 2247 662 2310; x_wconf 84' lang='lat' dir='ltr'><strong>alterum</strong></span> <span class='ocrx_word' id='word_1_114' title='bbox 682 2265 781 2328; x_wconf 90' lang='lat' dir='ltr'><strong>nuper</strong></span> <span class='ocrx_word' id='word_1_115' title='bbox 800 2247 1043 2311; x_wconf 87' lang='lat' dir='ltr'><strong>humanissimus</strong></span> <span class='ocrx_word' id='word_1_116' title='bbox 1065 2245 1273 2328; x_wconf 63' lang='lat' dir='ltr'><strong>Orellius*)‘i</strong></span> 
     </span>
     <span class='ocr_line' id='line_1_17' title="bbox 212 2371 1310 2456; baseline 0.001 -19"><span class='ocrx_word' id='word_1_117' title='bbox 212 2375 311 2455; x_wconf 85' lang='lat' dir='ltr'><strong>igitur</strong></span> <span class='ocrx_word' id='word_1_118' title='bbox 330 2376 361 2436; x_wconf 92' lang='lat' dir='ltr'><strong>in</strong></span> <span class='ocrx_word' id='word_1_119' title='bbox 381 2375 431 2436; x_wconf 95' lang='lat' dir='ltr'><strong>illo</strong></span> <span class='ocrx_word' id='word_1_120' title='bbox 452 2371 686 2454; x_wconf 72' lang='lat' dir='ltr'><strong>elaborandum,</strong></span> <span class='ocrx_word' id='word_1_121' title='bbox 707 2371 801 2454; x_wconf 89' lang='lat' dir='ltr'><strong>idque</strong></span> <span class='ocrx_word' id='word_1_122' title='bbox 815 2371 910 2434; x_wconf 85' lang='lat' dir='ltr'><strong>rebus</strong></span> <span class='ocrx_word' id='word_1_123' title='bbox 924 2371 1065 2434; x_wconf 85' lang='lat' dir='ltr'><strong>omnibus</strong></span> <span class='ocrx_word' id='word_1_124' title='bbox 1078 2382 1273 2456; x_wconf 89' lang='lat' dir='ltr'><strong>anteponen-</strong></span> <span class='ocrx_word' id='word_1_125' title='bbox 1306 2413 1310 2422; x_wconf 50' lang='grc' dir='ltr'><em>ι</em></span> 
     </span>
     <span class='ocr_line' id='line_1_18' title="bbox 212 2483 1271 2578; baseline 0.001 -16"><span class='ocrx_word' id='word_1_126' title='bbox 212 2501 286 2562; x_wconf 92' lang='lat' dir='ltr'><strong>dum</strong></span> <span class='ocrx_word' id='word_1_127' title='bbox 300 2483 372 2578; x_wconf 65' lang='lat' dir='ltr'><strong>sert,</strong></span> <span class='ocrx_word' id='word_1_128' title='bbox 396 2508 432 2560; x_wconf 92' lang='lat' dir='ltr'><strong>ut</strong></span> <span class='ocrx_word' id='word_1_129' title='bbox 457 2497 556 2560; x_wconf 85' lang='lat' dir='ltr'><strong>verba</strong></span> <span class='ocrx_word' id='word_1_130' title='bbox 581 2497 675 2576; x_wconf 91' lang='lat' dir='ltr'><strong>hujus</strong></span> <span class='ocrx_word' id='word_1_131' title='bbox 694 2498 843 2561; x_wconf 83' lang='lat' dir='ltr'><strong>Historici</strong></span> <span class='ocrx_word' id='word_1_132' title='bbox 874 2497 1087 2562; x_wconf 83' lang='lat' dir='ltr'><strong>emendentur.</strong></span> <span class='ocrx_word' id='word_1_133' title='bbox 1127 2500 1170 2562; x_wconf 82' lang='lat' dir='ltr'><strong>Aa</strong></span> <span class='ocrx_word' id='word_1_134' title='bbox 1193 2519 1271 2564; x_wconf 89' lang='lat' dir='ltr'><strong>vero</strong></span> 
     </span>
    </p>
   </div>
   <div class='ocr_carea' id='block_1_7' title="bbox 214 2601 1273 2710">
    <p class='ocr_par' dir='ltr' id='par_1_8' title="bbox 214 2601 1273 2710">
     <span class='ocr_line' id='line_1_19' title="bbox 214 2601 1273 2710; baseline 0.004 -26"><span class='ocrx_word' id='word_1_135' title='bbox 214 2623 283 2704; x_wconf 87' lang='lat' dir='ltr'><strong>ejus</strong></span> <span class='ocrx_word' id='word_1_136' title='bbox 304 2601 349 2683; x_wconf 79' lang='lat' dir='ltr'><strong>r&#39;ei</strong></span> <span class='ocrx_word' id='word_1_137' title='bbox 370 2639 441 2685; x_wconf 91' lang='lat' dir='ltr'><strong>oum</strong></span> <span class='ocrx_word' id='word_1_138' title='bbox 470 2623 664 2702; x_wconf 88' lang='lat' dir='ltr'><strong>praeclarum</strong></span> <span class='ocrx_word' id='word_1_139' title='bbox 692 2625 809 2686; x_wconf 88' lang='lat' dir='ltr'><strong>initium</strong></span> <span class='ocrx_word' id='word_1_140' title='bbox 838 2623 992 2688; x_wconf 84' lang='lat' dir='ltr'><strong>iecissent</strong></span> <span class='ocrx_word' id='word_1_141' title='bbox 1015 2625 1075 2686; x_wconf 90' lang='lat' dir='ltr'><strong>viri</strong></span> <span class='ocrx_word' id='word_1_142' title='bbox 1102 2625 1160 2710; x_wconf 80' lang='lat' dir='ltr'><strong>thi,</strong></span> <span class='ocrx_word' id='word_1_143' title='bbox 1193 2645 1273 2707; x_wconf 89' lang='lat' dir='ltr'><strong>quos</strong></span> 
     </span>
    </p>
   </div>
   <div class='ocr_carea' id='block_1_8' title="bbox 213 2728 1277 3584">
    <p class='ocr_par' dir='ltr' id='par_1_9' title="bbox 213 2728 1277 3584">
     <span class='ocr_line' id='line_1_20' title="bbox 213 2728 1276 2831; baseline 0.004 -22"><span class='ocrx_word' id='word_1_144' title='bbox 213 2745 355 2830; x_wconf 84' lang='lat' dir='ltr'><strong>praedixi</strong></span> <span class='ocrx_word' id='word_1_145' title='bbox 365 2728 382 2830; x_wconf 70' lang='lat'><strong>,&#39;</strong></span> <span class='ocrx_word' id='word_1_146' title='bbox 395 2756 427 2809; x_wconf 89' lang='lat' dir='ltr'><strong>et</strong></span> <span class='ocrx_word' id='word_1_147' title='bbox 446 2747 474 2808; x_wconf 85' lang='lat' dir='ltr'><strong>ai</strong></span> <span class='ocrx_word' id='word_1_148' title='bbox 495 2747 546 2828; x_wconf 84' lang='lat' dir='ltr'><strong>qui</strong></span> <span class='ocrx_word' id='word_1_149' title='bbox 567 2744 781 2829; x_wconf 85' lang='lat' dir='ltr'><strong>aequaverunt</strong></span> <span class='ocrx_word' id='word_1_150' title='bbox 798 2765 856 2810; x_wconf 89' lang='lat' dir='ltr'><strong>eos</strong></span> <span class='ocrx_word' id='word_1_151' title='bbox 876 2749 1062 2830; x_wconf 70' lang='lat' dir='ltr'><strong>sagacitate,</strong></span> <span class='ocrx_word' id='word_1_152' title='bbox 1081 2748 1173 2811; x_wconf 89' lang='lat' dir='ltr'><strong>hodie</strong></span> <span class='ocrx_word' id='word_1_153' title='bbox 1188 2743 1276 2831; x_wconf 83' lang='lat' dir='ltr'><strong>jacet</strong></span> 
     </span>
     <span class='ocr_line' id='line_1_21' title="bbox 215 2852 1274 2961; baseline 0 -24"><span class='ocrx_word' id='word_1_154' title='bbox 215 2872 247 2936; x_wconf 92' lang='lat' dir='ltr'><strong>id</strong></span> <span class='ocrx_word' id='word_1_155' title='bbox 267 2865 419 2954; x_wconf 59' lang='lat' dir='ltr'><strong>studium</strong></span> <span class='ocrx_word' id='word_1_156' title='bbox 450 2873 581 2955; x_wconf 81' lang='lat' dir='ltr'><strong>fereque</strong></span> <span class='ocrx_word' id='word_1_157' title='bbox 608 2869 746 2934; x_wconf 87' lang='lat' dir='ltr'><strong>editores</strong></span> <span class='ocrx_word' id='word_1_158' title='bbox 775 2872 912 2935; x_wconf 86' lang='lat' dir='ltr'><strong>conteuti</strong></span> <span class='ocrx_word' id='word_1_159' title='bbox 925 2881 1010 2935; x_wconf 83' lang='lat' dir='ltr'><strong>sunt</strong></span> <span class='ocrx_word' id='word_1_160' title='bbox 1028 2852 1100 2936; x_wconf 85' lang='lat' dir='ltr'><strong>nola</strong></span> <span class='ocrx_word' id='word_1_161' title='bbox 1120 2883 1274 2961; x_wconf 80' lang='lat' dir='ltr'><strong>repetere,</strong></span> 
     </span>
     <span class='ocr_line' id='line_1_22' title="bbox 216 2997 1274 3084; baseline 0.003 -21"><span class='ocrx_word' id='word_1_162' title='bbox 216 2998 423 3082; x_wconf 88' lang='lat' dir='ltr'><strong>codicumque</strong></span> <span class='ocrx_word' id='word_1_163' title='bbox 438 2999 660 3080; x_wconf 63' lang='lat' dir='ltr'><strong>vpessimorum</strong></span> <span class='ocrx_word' id='word_1_164' title='bbox 692 2997 863 3078; x_wconf 77' lang='lat' dir='ltr'><strong>scripturas</strong></span> <span class='ocrx_word' id='word_1_165' title='bbox 889 2999 1007 3062; x_wconf 84' lang='lat' dir='ltr'><strong>irotare.</strong></span> <span class='ocrx_word' id='word_1_166' title='bbox 1048 2997 1138 3077; x_wconf 81' lang='lat' dir='ltr'><strong>Quae</strong></span> <span class='ocrx_word' id='word_1_167' title='bbox 1170 3020 1274 3084; x_wconf 85' lang='lat' dir='ltr'><strong>nugae</strong></span> 
     </span>
     <span class='ocr_line' id='line_1_23' title="bbox 217 3123 1275 3209; baseline 0.001 -21"><span class='ocrx_word' id='word_1_168' title='bbox 217 3123 418 3188; x_wconf 70' lang='lat' dir='ltr'><strong>doctissimae</strong></span> <span class='ocrx_word' id='word_1_169' title='bbox 441 3141 533 3207; x_wconf 87' lang='lat' dir='ltr'><strong>quam</strong></span> <span class='ocrx_word' id='word_1_170' title='bbox 552 3124 686 3186; x_wconf 85' lang='lat' dir='ltr'><strong>habeant</strong></span> <span class='ocrx_word' id='word_1_171' title='bbox 706 3124 896 3209; x_wconf 57' lang='lat' dir='ltr'><strong>utilitatem</strong></span> <span class='ocrx_word' id='word_1_172' title='bbox 914 3143 976 3188; x_wconf 90' lang='lat' dir='ltr'><strong>uno</strong></span> <span class='ocrx_word' id='word_1_173' title='bbox 996 3127 1142 3207; x_wconf 87' lang='lat' dir='ltr'><strong>exemplo</strong></span> <span class='ocrx_word' id='word_1_174' title='bbox 1163 3136 1275 3190; x_wconf 89' lang='lat' dir='ltr'><strong>osten·</strong></span> 
     </span>
     <span class='ocr_line' id='line_1_24' title="bbox 218 3233 1277 3338; baseline 0 -24"><span class='ocrx_word' id='word_1_175' title='bbox 218 3233 288 3314; x_wconf 81' lang='lat' dir='ltr'><strong>(lam</strong></span> <span class='ocrx_word' id='word_1_176' title='bbox 307 3250 504 3334; x_wconf 73' lang='lat' dir='ltr'><strong>Kreyssigii,</strong></span> <span class='ocrx_word' id='word_1_177' title='bbox 538 3249 591 3331; x_wconf 87' lang='lat' dir='ltr'><strong>qui</strong></span> <span class='ocrx_word' id='word_1_178' title='bbox 610 3249 783 3312; x_wconf 90' lang='lat' dir='ltr'><strong>novissime</strong></span> <span class='ocrx_word' id='word_1_179' title='bbox 803 3247 897 3312; x_wconf 79' lang='lat' dir='ltr'><strong>edidit</strong></span> <span class='ocrx_word' id='word_1_180' title='bbox 916 3249 1083 3330; x_wconf 87' lang='lat' dir='ltr'><strong>Vellejum.</strong></span> <span class='ocrx_word' id='word_1_181' title='bbox 1130 3251 1163 3312; x_wconf 89' lang='lat' dir='ltr'><strong>ls</strong></span> <span class='ocrx_word' id='word_1_182' title='bbox 1183 3245 1277 3338; x_wconf 78' lang='lat' dir='ltr'><strong>enirn,</strong></span> 
     </span>
     <span class='ocr_line' id='line_1_25' title="bbox 218 3373 1276 3462; baseline 0.002 -23"><span class='ocrx_word' id='word_1_183' title='bbox 218 3377 266 3439; x_wconf 88' lang='lat' dir='ltr'><strong>vir</strong></span> <span class='ocrx_word' id='word_1_184' title='bbox 285 3376 363 3438; x_wconf 76' lang='lat' dir='ltr'><strong>saise</strong></span> <span class='ocrx_word' id='word_1_185' title='bbox 384 3373 541 3462; x_wconf 79' lang='lat' dir='ltr'><strong>eruditus,</strong></span> <span class='ocrx_word' id='word_1_186' title='bbox 561 3375 621 3438; x_wconf 87' lang='lat' dir='ltr'><strong>sed</strong></span> <span class='ocrx_word' id='word_1_187' title='bbox 640 3375 689 3437; x_wconf 89' lang='lat' dir='ltr'><strong>sui</strong></span> <span class='ocrx_word' id='word_1_188' title='bbox 708 3375 800 3456; x_wconf 88' lang='lat' dir='ltr'><strong>paulo</strong></span> <span class='ocrx_word' id='word_1_189' title='bbox 819 3376 987 3462; x_wconf 49' lang='lat' dir='ltr'><strong>amantiorj</strong></span> <span class='ocrx_word' id='word_1_190' title='bbox 1004 3383 1108 3438; x_wconf 88' lang='lat' dir='ltr'><strong>tamen</strong></span> <span class='ocrx_word' id='word_1_191' title='bbox 1127 3377 1186 3440; x_wconf 84' lang='lat' dir='ltr'><strong>tria</strong></span> <span class='ocrx_word' id='word_1_192' title='bbox 1204 3386 1276 3441; x_wconf 89' lang='lat' dir='ltr'><strong>tan-</strong></span> 
     </span>
     <span class='ocr_line' id='line_1_26' title="bbox 219 3497 1273 3584; baseline 0.001 -20"><span class='ocrx_word' id='word_1_193' title='bbox 219 3511 281 3565; x_wconf 88' lang='lat' dir='ltr'><strong>tum</strong></span> <span class='ocrx_word' id='word_1_194' title='bbox 306 3501 383 3584; x_wconf 84' lang='lat' dir='ltr'><strong>&#39;ejus</strong></span> <span class='ocrx_word' id='word_1_195' title='bbox 411 3497 499 3565; x_wconf 79' lang='lat' dir='ltr'><strong>loca&#39;·</strong></span> <span class='ocrx_word' id='word_1_196' title='bbox 513 3519 560 3562; x_wconf 90' lang='lat' dir='ltr'><strong>se·</strong></span> <span class='ocrx_word' id='word_1_197' title='bbox 579 3501 769 3564; x_wconf 85' lang='lat' dir='ltr'><strong>emendasse</strong></span> <span class='ocrx_word' id='word_1_198' title='bbox 798 3510 901 3583; x_wconf 82' lang='lat' dir='ltr'><strong>putat3</strong></span> <span class='ocrx_word' id='word_1_199' title='bbox 934 3519 1103 3584; x_wconf 89' lang='lat' dir='ltr'><strong>eorumque</strong></span> <span class='ocrx_word' id='word_1_200' title='bbox 1136 3497 1273 3564; x_wconf 84' lang='lat' dir='ltr'><strong>locorum</strong></span> 
     </span>
    </p>
   </div>
   <div class='ocr_carea' id='block_1_9' title="bbox 255 3813 1278 4314">
    <p class='ocr_par' dir='ltr' id='par_1_10' title="bbox 255 3813 1278 4314">
     <span class='ocr_line' id='line_1_27' title="bbox 255 3813 1275 3872; baseline -0.006 0"><span class='ocrx_word' id='word_1_201' title='bbox 255 3813 287 3872; x_wconf 78' lang='lat' dir='ltr'><strong>*i</strong></span> <span class='ocrx_word' id='word_1_202' title='bbox 321 3820 385 3871; x_wconf 75' lang='lat' dir='ltr'><strong>noto</strong></span> <span class='ocrx_word' id='word_1_203' title='bbox 410 3821 531 3870; x_wconf 78' lang='lat' dir='ltr'><strong>Rhenani</strong></span> <span class='ocrx_word' id='word_1_204' title='bbox 557 3819 627 3870; x_wconf 83' lang='lat' dir='ltr'><strong>liber</strong></span> <span class='ocrx_word' id='word_1_205' title='bbox 656 3823 726 3870; x_wconf 85' lang='lat' dir='ltr'><strong>iuter</strong></span> <span class='ocrx_word' id='word_1_206' title='bbox 752 3821 827 3869; x_wconf 86' lang='lat' dir='ltr'><strong>codd.</strong></span> <span class='ocrx_word' id='word_1_207' title='bbox 854 3821 1012 3870; x_wconf 86' lang='lat' dir='ltr'><strong>monasterii</strong></span> <span class='ocrx_word' id='word_1_208' title='bbox 1035 3820 1220 3870; x_wconf 73' lang='lat' dir='ltr'><strong>murbacensis</strong></span> <span class='ocrx_word' id='word_1_209' title='bbox 1247 3820 1275 3866; x_wconf 91' lang='lat' dir='ltr'><strong>in</strong></span> 
     </span>
     <span class='ocr_line' id='line_1_28' title="bbox 325 3923 1275 3992; baseline 0.003 -21"><span class='ocrx_word' id='word_1_210' title='bbox 325 3924 444 3992; x_wconf 77' lang='lat' dir='ltr'><strong>hisatio,</strong></span> <span class='ocrx_word' id='word_1_211' title='bbox 459 3940 511 3992; x_wconf 79' lang='lat' dir='ltr'><strong>quo</strong></span> <span class='ocrx_word' id='word_1_212' title='bbox 528 3926 599 3976; x_wconf 89' lang='lat' dir='ltr'><strong>libro</strong></span> <span class='ocrx_word' id='word_1_213' title='bbox 616 3928 678 3989; x_wconf 84' lang='lat' dir='ltr'><strong>quid</strong></span> <span class='ocrx_word' id='word_1_214' title='bbox 692 3928 794 3978; x_wconf 84' lang='lat' dir='ltr'><strong>laetum</strong></span> <span class='ocrx_word' id='word_1_215' title='bbox 806 3927 857 3991; x_wconf 83' lang='lat' dir='ltr'><strong>sit,</strong></span> <span class='ocrx_word' id='word_1_216' title='bbox 880 3927 959 3976; x_wconf 88' lang='lat' dir='ltr'><strong>hodie</strong></span> <span class='ocrx_word' id='word_1_217' title='bbox 977 3928 1118 3990; x_wconf 81' lang='lat' dir='ltr'><strong>ignoratur</strong></span> <span class='ocrx_word' id='word_1_218' title='bbox 1124 3940 1133 3990; x_wconf 80' lang='lat'><em>3</em></span> <span class='ocrx_word' id='word_1_219' title='bbox 1152 3923 1275 3987; x_wconf 79' lang='lat' dir='ltr'><strong>alterum,</strong></span> 
     </span>
     <span class='ocr_line' id='line_1_29' title="bbox 325 4031 1278 4098; baseline -0.002 -16"><span class='ocrx_word' id='word_1_220' title='bbox 325 4033 358 4082; x_wconf 86' lang='lat' dir='ltr'><strong>ab</strong></span> <span class='ocrx_word' id='word_1_221' title='bbox 388 4035 581 4098; x_wconf 81' lang='lat' dir='ltr'><strong>Arnerbachio,</strong></span> <span class='ocrx_word' id='word_1_222' title='bbox 615 4033 736 4083; x_wconf 76' lang='lat' dir='ltr'><strong>llhouaui</strong></span> <span class='ocrx_word' id='word_1_223' title='bbox 764 4033 913 4097; x_wconf 84' lang='lat' dir='ltr'><strong>discipulo,</strong></span> <span class='ocrx_word' id='word_1_224' title='bbox 943 4034 1119 4096; x_wconf 81' lang='lat' dir='ltr'><strong>descriptum,</strong></span> <span class='ocrx_word' id='word_1_225' title='bbox 1159 4031 1278 4082; x_wconf 86' lang='lat' dir='ltr'><strong>Orellius</strong></span> 
     </span>
     <span class='ocr_line' id='line_1_30' title="bbox 324 4127 1276 4203; baseline 0.001 -15"><span class='ocrx_word' id='word_1_226' title='bbox 324 4153 348 4188; x_wconf 90' lang='lat' dir='ltr'><strong>a.</strong></span> <span class='ocrx_word' id='word_1_227' title='bbox 366 4127 443 4188; x_wconf 73' lang='lat'>1⁸04.</span> <span class='ocrx_word' id='word_1_228' title='bbox 467 4141 570 4192; x_wconf 83' lang='lat' dir='ltr'><strong>evolvit</strong></span> <span class='ocrx_word' id='word_1_229' title='bbox 588 4143 615 4191; x_wconf 91' lang='lat' dir='ltr'><strong>in</strong></span> <span class='ocrx_word' id='word_1_230' title='bbox 632 4140 795 4192; x_wconf 86' lang='lat' dir='ltr'><strong>bibliotheca</strong></span> <span class='ocrx_word' id='word_1_231' title='bbox 809 4141 971 4191; x_wconf 81' lang='lat' dir='ltr'><strong>Academiae</strong></span> <span class='ocrx_word' id='word_1_232' title='bbox 986 4139 1150 4192; x_wconf 67' lang='lat' dir='ltr'><strong>basileensis</strong></span> <span class='ocrx_word' id='word_1_233' title='bbox 1156 4155 1164 4203; x_wconf 83' lang='lat'>3</span> <span class='ocrx_word' id='word_1_234' title='bbox 1186 4143 1212 4190; x_wconf 90' lang='lat' dir='ltr'><strong>iu</strong></span> <span class='ocrx_word' id='word_1_235' title='bbox 1226 4151 1276 4203; x_wconf 79' lang='lat' dir='ltr'><strong>otro</strong></span> 
     </span>
     <span class='ocr_line' id='line_1_31' title="bbox 327 4243 977 4314; baseline -0.005 -13"><span class='ocrx_word' id='word_1_236' title='bbox 327 4250 416 4313; x_wconf 88' lang='lat' dir='ltr'><strong>priora</strong></span> <span class='ocrx_word' id='word_1_237' title='bbox 435 4249 453 4297; x_wconf 83' lang='grc'>8</span> <span class='ocrx_word' id='word_1_238' title='bbox 469 4249 558 4309; x_wconf 85' lang='lat' dir='ltr'><strong>ecplta</strong></span> <span class='ocrx_word' id='word_1_239' title='bbox 575 4247 654 4314; x_wconf 86' lang='lat' dir='ltr'><strong>hujus</strong></span> <span class='ocrx_word' id='word_1_240' title='bbox 674 4251 762 4313; x_wconf 82' lang='lat' dir='ltr'><strong>operis</strong></span> <span class='ocrx_word' id='word_1_241' title='bbox 784 4243 977 4302; x_wconf 70' lang='lat' dir='ltr'><strong>desiderantur.</strong></span> 
     </span>
    </p>
   </div>
   <div class='ocr_carea' id='block_1_10' title="bbox 0 0 1515 4896">
    <p class='ocr_par' dir='ltr' id='par_1_11' title="bbox 0 0 1515 4896">
     <span class='ocr_line' id='line_1_32' title="bbox 0 0 1515 4896; baseline 0 0"><span class='ocrx_word' id='word_1_242' title='bbox 0 0 1515 4896; x_wconf 95' lang='lat' dir='ltr'><strong> </strong></span> 
     </span>
    </p>
   </div>
  </div>
 </body>
</html>
