2990 4894
260 323 307 398 98
710 345 871 396 ventem

259 494 365 555 Druso
385 488 535 571 Claudio,
569 503 661 570 quem
698 490 776 550 iutra
797 487 949 552 Caesaris
978 501 1105 571 penates
1133 487 1231 558 enixa
1257 508 1325 562 erat

259 591 361 654 nivis.
401 588 525 673 Quippe
546 600 695 670 uterque,
715 590 829 652 divisis
848 591 1005 671 partibus,
1035 592 1173 657 llhaetos
1193 596 1322 662 Vinde-
1355 617 1359 622 ·
1389 639 1392 643 -

258 693 401 774 licosque
420 692 587 774 aggressi,
616 689 720 751 multis
746 687 866 750 urbium
885 700 918 753 et
937 693 1134 755 castellorum
1153 713 1320 776 oppugna-

258 795 408 879 tionibus,
427 808 488 854 nec
507 811 570 853 non
591 790 708 852 directa
728 803 854 868 quoquo
874 789 944 853 acie
961 792 1094 854 feliciter
1113 793 1217 881 iuncti,
1235 815 1323 876 gen-·

259 905 310 959 tes
328 895 406 957 locis
425 893 615 974 tutissimas,
634 889 720 951 aditu
740 886 955 975 difficillimas,
980 908 1111 956 numero
1130 893 1318 982 frequentes,

199 1029 202 1036 ·
259 997 379 1058 feritate
397 1003 524 1078 truces,
551 991 676 1073 majore
697 1008 768 1052 cum
787 990 927 1069 periculo
946 1009 1039 1074 quam
1060 993 1173 1057 damno
1192 995 1318 1060 Mmani

260 1096 435 1180 exercitus,
469 1095 600 1176 plurimo
627 1111 702 1156 cum
732 1107 839 1154 earum
868 1093 1040 1178 sanguiue,
1073 1095 1320 1174 perdomuerunt.
1351 1077 1354 1094 ¹

259 1200 343 1261 Ante
373 1215 454 1280 quae
483 1205 626 1278 tempora
653 1210 789 1256 censura
815 1193 924 1264 Planci
953 1203 986 1256 et
1004 1195 1112 1279 Pauli,
1144 1206 1216 1261 acta
1244 1198 1323 1261 inter

260 1298 467 1380 discordiam,
499 1315 604 1378 neque
622 1295 703 1375 ipsis
729 1295 855 1377 honori,
883 1313 987 1376 neque
1008 1296 1055 1357 rei
1081 1298 1225 1377 publicae
1251 1301 1324 1362 usrri

259 1400 331 1479 luit,
361 1417 431 1462 eum
454 1397 542 1458 alteri
568 1395 621 1456 vis
647 1393 791 1473 censori,
820 1396 909 1458 alteri
934 1397 1001 1460 vita
1026 1396 1171 1461 deesset:
1203 1401 1323 1464 Paulus

258 1501 315 1561 vix
333 1506 444 1580 posset
460 1495 591 1586 impiere
611 1513 795 1575 censorem3
814 1497 953 1562 Plancus
972 1499 1083 1562 timere
1102 1499 1240 1586 delt'eret,
1261 1521 1324 1565 nec

260 1600 425 1682 quidquam
446 1598 583 1680 objicere
614 1606 727 1678 posset
755 1595 1025 1681 adolescentibus,
1058 1609 1110 1665 aut
1135 1599 1321 1680 objicientes
1350 1673 1353 1682 Δ

257 1702 381 1788 audire,
403 1700 485 1785 quod
503 1720 565 1764 non
585 1707 777 1778 agnosceret
796 1717 909 1764 senex.

209 1801 250 1866 96
334 1807 424 1868 Mors
456 1805 571 1868 deinde
599 1805 763 1885 Agrippae
797 1801 866 1882 (qui
896 1802 1063 1865 novitatem
1096 1819 1185 1866 suam
1216 1803 1321 1867 mutus

259 1907 353 1970 rebus
374 1904 606 1985 nobilitaverat,
633 1913 728 1983 atque
747 1905 779 1962 in
798 1902 860 1961 hoc
879 1903 1085 1987 perduxerat,
1118 1905 1161 1966 uti
1181 1904 1321 1968 Neronis

258 2013 347 2066 esset
365 2017 474 2078 socer3
495 2001 651 2081 cujusque
671 2003 804 2082 liberae,
824 2010 958 2079 nepotes
977 2020 1071 2090 auce,
1091 2003 1184 2065 divus
1202 2004 1324 2084 Augu-

257 2113 336 2187 stus,
355 2099 543 2181 praepositis
560 2097 629 2178 caji
649 2116 688 2161 ae
703 2099 794 2160 Lucii
814 2100 1000 2188 nominibus,
1020 2103 1240 2185 adoptaverat)
1260 2105 1322 2168 ad-

257 2204 354 2266 movit
372 2202 500 2283 propius
520 2200 681 2262 Neronem
695 2197 837 2261 Caesari.
878 2194 1003 2278 Quippe
1022 2204 1085 2265 filia
1104 2204 1219 2285 [Julia]
1240 2206 1321 2292 ejus,

258 2320 340 2385 quae
358 2301 459 2366 fuerat
478 2303 641 2384 Agrippae
662 2309 773 2382 nupta,
794 2299 915 2361 Neroni
935 2299 1048 2378 nupsit.
1088 2303 1228 2364 Subinde
1248 2305 1321 2366 bel-

257 2406 319 2467 lum
339 2404 568 2492 Pannonicum,
589 2404 688 2488 quod,
708 2402 884 2467 inchoatum
903 2400 1082 2484 Agrippae,
1109 2401 1156 2463 Μ.
1181 2402 1319 2489 Vinicio,

257 2523 317 2568 avo
335 2513 405 2586 tuo,
425 2504 521 2590 Cos,
541 2523 688 2587 magnum
707 2515 860 2586 atroxque
881 2511 912 2566 et
930 2520 1081 2585 perquam
1100 2503 1238 2568 vicinum
1256 2489 1321 2568 im-

256 2606 392 2668 minebat
411 2606 533 2690 ltaliae,
553 2626 611 2686 per
630 2597 791 2688 Neronem
810 2615 937 2685 gestum
956 2614 1015 2666 est·
1057 2603 1181 2668 Gentes
1190 2606 1319 2670 Panno-

208 2749 210 2755 ι
256 2708 393 2792 nicrum,
409 2706 699 2786 'Delmatarumque
719 2707 878 2788 nationes,
908 2705 1063 2784 sitmnque
1092 2705 1256 2784 regionum
1278 2723 1318 2768 ac
1402 2783 1406 2801 Ι

257 2801 431 2891 fluminum,
459 2822 684 2884 numerumque
705 2813 737 2865 et
756 2801 880 2864 modurn
900 2803 1027 2887 sirium,
1056 2804 1317 2868 excelsissimas-

258 2926 319 2987 que
339 2916 372 2971 et
390 2907 576 2987 multiplices
595 2917 634 2966 eo
655 2904 734 2966 bello
753 2901 902 2965 victorias
922 2905 997 2966 tanti
1015 2905 1229 2987 imperatoris,
1256 2908 1319 2972 alio

256 3009 326 3070 loeo
346 3007 587 3090 explicabimus,
615 3006 776 3086 hocopus
797 3014 907 3068 servet
924 3004 1055 3068 formam
1074 3025 1173 3070 suam.
1211 3008 1318 3088 Hujus

175 3121 180 3125 ·
255 3107 408 3169 victoriae
427 3125 559 3187 compos
578 3107 668 3170 Nero
688 3124 789 3170 ovans
808 3107 1015 3189 triumphavit.

207 3202 247 3266 tlt
332 3207 401 3270 Sed
420 3208 492 3269 dum
512 3209 543 3270 in
563 3208 624 3272 bae
642 3217 731 3290 parte
750 3209 870 3290 imperii
890 3210 992 3272 omnia
1004 3218 1155 3291 geruntur
1167 3229 1319 3294 prosper·
1359 3273 1362 3276 .

256 3309 353 3389 rime,
385 3317 518 3388 accepta
543 3310 575 3373 in
596 3308 766 3373 Germania
797 3311 906 3374 clades
936 3311 994 3374 sub
1014 3313 1120 3395 legato
1140 3313 1186 3375 Μ.
1206 3313 1317 3400 Lollio,

255 3410 382 3473 homine
401 3409 431 3470 in
452 3410 554 3471 omnia
573 3411 727 3490 pecuniae
757 3430 848 3496 quam
868 3421 957 3476 reete
986 3411 1122 3477 faciendi
1146 3415 1316 3504 cupidiore,

255 3520 288 3573 et
320 3511 398 3575 iuter
427 3527 579 3572 summam
613 3511 756 3575 vitiorum
793 3513 1069 3578 dissimulationem
1101 3515 1317 3604 vitiosissimo,

326 3720 369 3768 ab.
405 3719 515 3770 urbium
532 3720 561 3769 et
577 3720 767 3772 cartellorum.
793 3725 835 3774 sic
853 3723 953 3786 Rham,
982 3727 1105 3786 tanquam
1122 3739 1140 3775 c
1161 3725 1232 3776 libro
1248 3733 1313 3783 suar

111 3843 114 3850 .
160 3875 162 3880 ,
254 3805 459 3872 nectutelligo,
478 3817 531 3870 qua
549 3799 708 3869 conjectura
724 3808 821 3860 ductus
840 3811 885 3860 Kr.
905 3809 1030 3874 copulam
1040 3814 1160 3865 abluisse
1171 3811 1222 3862 lllo
1232 3811 1314 3860 dicat.

161 3926 165 3935 =
255 3911 289 3926 ν-
303 3905 357 3946 nec
373 3894 523 3960 quidquam
539 3899 617 3945 recto
636 3893 677 3942 ed.
695 3893 793 3959 casn,
810 3897 885 3960 mps.
904 3899 932 3947 et
949 3896 998 3948 ulli
1014 3910 1063 3958 pro
1080 3913 1115 3950 ne
1132 3912 1176 3963 qa.

323 3981 367 4030 96.
402 3983 446 4036 uta·
462 3982 592 4036 Neronia
618 3981 695 4033 codd.
718 3983 832 4032 vitiose:
856 3986 888 4034 ut
905 3984 934 4032 et
948 3982 986 4032 N.
1016 4005 1051 4020 ·-
1078 3983 1197 4048 [dallo]
1217 3993 1317 4036 noman

259 4071 368 4132 petitum
385 4082 419 4118 ex
439 4073 529 4134 eapite
547 4069 616 4135 1⁰⁰3
648 4083 701 4134 quo
718 4070 825 4122 nomine
844 4081 878 4120 eo
896 4070 984 4120 minus
1002 4081 1070 4133 opus
1087 4075 1145 4139 est,
1166 4073 1238 4134 quod
1255 4075 1317 4125 unl-

264 4169 321 4210 carn
337 4157 412 4210 illam
428 4160 568 4222 Augustus
584 4161 676 4212 habuit
695 4159 786 4210 tiliam.
802 4159 907 4210 frustra
924 4159 965 4208 ed.
984 4158 1065 4210 Basti.
1084 4161 1113 4210 et
1136 4159 1223 4212 allae:
1252 4161 1317 4228 pllio

266 4243 324 4308 ejua
341 4246 426 4300 Jrrlio.
452 4269 486 4279 -
514 4247 673 4300 lacteolam
700 4246 946 4314 tyrannusnon:
972 4249 1107 4314 Agrippa,
1133 4263 1148 4301 e
1166 4252 1195 4302 et
1212 4265 1231 4304 u
1248 4263 1316 4302 con·
