2990 4894
261 365 308 438 st
713 383 877 436 vundan

260 541 294 593 et
319 486 527 592 lMenecrates
560 525 774 611 fastidiebant,
813 529 985 611 Pompeius
1021 529 1053 590 in
1086 529 1196 594 Sicilia
1229 537 1332 599 inter·

211 633 410 812 aefecoiiiie
438 741 538 796 tractu
571 741 746 813 temporum
778 730 965 812 Octaviam,
998 747 1139 794 acrorem
1164 733 1329 817 Caesaris,

261 833 308 898 ii.
323 834 481 896 Antonius
495 834 583 895 duxit
599 849 742 895 uxorem.
781 831 934 894 lledierat
946 831 1118 914 Pompoju's
1133 834 1164 895 in
1178 834 1329 920 Siciliam,

261 937 419 1000 Antonius
447 936 478 997 io
500 934 724 997 transmarinas
749 933 948 1014 provincias,
981 948 1061 1012 quas
1089 934 1213 1016 magnis
1233 936 1326 998 moli'·

259 1038 376 1100 meotis
392 1035 569 1117 habienns,
590 1051 632 1096 ex
646 1034 804 1098 Brutianis
825 1034 940 1095 castris
952 1033 1115 1113 proiectus
1129 1036 1170 1096 ad
1185 1036 1325 1123 Pontinos,

260 1138 412 1221 perducto
435 1157 542 1200 eornm
575 1137 718 1212 exercitu
745 1131 776 1197 in
801 1135 945 1219 Syriam,
973 1134 1205 1218 interfectoque
1225 1138 1326 1220 legato

259 1238 403 1319 Antonii,
433 1247 658 1316 concusserat3
692 1237 745 1318 qui
768 1237 883 1298 virtute
904 1245 936 1296 et
955 1235 1051 1298 ductu
1073 1236 1235 1322 ventidii,
1269 1256 1330 1301 una

260 1359 332 1403 cnm
355 1340 540 1402 Parthorum
566 1338 684 1420 copiis,
717 1337 986 1417 celeberrimoque
1012 1337 1166 1420 juvenum
1195 1340 1331 1420 Pacoro,

260 1441 349 1521 regis
366 1441 440 1520 tilio,
460 1440 619 1500 extinctus
630 1447 690 1500 est.
728 1439 855 1501 Interim
873 1438 997 1501 Caesar
1011 1457 1069 1522 per
1082 1439 1163 1502 haec
1176 1449 1329 1524 tempora,

261 1559 302 1602 ne
327 1557 382 1601 res
402 1539 586 1620 discipliuae
610 1539 843 1622 inimicissima,
872 1540 982 1620 otium,
1012 1550 1226 1622 corrumperet
1244 1544 1329 1606 mlli-
1391 1523 1394 1530 ’

261 1650 343 1725 tem,
371 1641 492 1704 crebris
520 1641 552 1702 in
570 1641 696 1724 illyrico
720 1641 939 1723 Delmatiaque
968 1642 1233 1728 expeditionibus,
1264 1660 1348 1724 pa·’

261 1743 368 1806 aientia
383 1743 607 1826 periculorum,
625 1741 760 1824 bellique
772 1743 982 1830 experientia,
1001 1742 1130 1809 durabat
1139 1735 1326 1807 exercitum.

260 1843 381 1906 lladem
405 1852 593 1925 tempestate
613 1842 766 1906 Calvinus
792 1843 966 1927 Domitius,
999 1862 1071 1907 cum
1096 1863 1138 1907 ex
1162 1846 1326 1908 consulatu

261 1945 414 2007 obtineret
444 1944 645 2029 Hispaniam,
683 1944 867 2026 gravissimi
900 1945 1165 2029 comparandique
1192 1947 1327 2029 antiquis

261 2043 409 2125 exempli.
431 2052 540 2106 auctor
567 2044 633 2108 init.
673 2031 797 2127 Quippe
820 2045 910 2128 primi
934 2046 986 2126 pili
1006 2046 1236 2130 centurionem,
1265 2067 1326 2113 no·

130 2219 133 2224 ⁵
259 2145 344 2208 mine
361 2144 538 2224 Vibillium,
558 2145 597 2208 ob
620 2155 741 2228 turpem
763 2165 805 2208 ex
827 2148 896 2210 acie
915 2146 1022 2228 lugam
1042 2146 1116 2209 fusti
1138 2150 1307 2229 percussit.

209 2249 250 2332 79
336 2241 568 2333 Crescentem
588 2247 658 2310 dies
680 2257 712 2310 et
731 2249 838 2311 classe
864 2245 997 2309 etfama
1020 2249 1184 2332 Pompeji,
1204 2248 1327 2312 Caesar

139 2335 141 2352 ¹
258 2350 373 2412 molem
400 2349 471 2412 belli
495 2349 566 2431 ejus
592 2350 758 2432 suscipere
784 2349 898 2412 statuit.
937 2347 1154 2409 Aedificandis
1180 2350 1325 2430 navibus,

259 2451 537 2534 contrahendoqne
559 2452 698 2515 militiae
716 2449 845 2532 remigi,
864 2449 1090 2528 navalibusque
1104 2447 1326 2511 adsuescendo

260 2550 492 2634 certaminibus,
511 2550 692 2642 praefectus
713 2561 764 2616 est
779 2553 827 2616 M.
843 2552 1002 2635 Agrippa,
1023 2551 1105 2632 (vir)
1126 2551 1249 2613 virtutis
1266 2571 1326 2613 no-

259 2649 448 2737 bilissimae,
480 2650 602 2733 labore,
627 2654 753 2739 vigilia,
782 2654 921 2734 periculo
941 2653 1095 2737 invictus,
1122 2653 1326 2735 petendique,

260 2750 321 2812 sed
340 2751 411 2831 uni,
436 2752 685 2837 scientissimus,
718 2756 787 2816 aliis
813 2771 892 2814 eane
915 2751 1087 2832 imperandi
1111 2751 1260 2835 cupidus,
1293 2753 1326 2814 e't

259 2870 317 2933 per
337 2835 440 2914 omnia
460 2860 549 2914 extra
566 2853 728 2917 dilationes
743 2853 883 2934 positus,
904 2849 1118 2931 consultisque
1142 2849 1226 2913 lacta
1243 2869 1325 2913 con-

257 2953 408 3034 jungens.
446 2951 527 3039 llic,
558 2953 589 3016 in
614 2954 745 3016 Averno
763 2971 803 3016 ac
823 2953 962 3015 Lucrino
990 2951 1326 3034 lacn‘speciosissima

260 3044 367 3116 elassa
386 3053 553 3139 fabricata,
573 3054 760 3137 quotidianis
784 3054 1061 3119 exercitationibus
1082 3053 1209 3118 militem
1227 3054 1326 3116 remi-
1394 3045 1397 3054 '

258 3247 358 3314 patria
374 3247 399 3299 ei
417 3250 499 3317 tulit,
518 3251 591 3316 quod
601 3255 653 3302 etc.
673 3275 708 3288 -
724 3249 917 3323 fastidiebant.
937 3249 1029 3298 codd:
1046 3245 1250 3313 tristitiarum,
1266 3259 1342 3306 no·¹

259 3338 331 3388 leste
350 3337 493 3388 cumulatis
509 3339 797 3404 plusquamperfectia,
817 3352 878 3389 oum
894 3351 992 3388 sensns
1011 3343 1114 3387 tautum
1132 3349 1186 3386 non
1203 3335 1325 3398 postulet

259 3426 455 3489 inperfectum.
473 3427 533 3478 lieri
545 3430 636 3478 antem
647 3430 747 3492 potest,
765 3433 796 3478 ut
805 3430 880 3491 prins
894 3428 1025 3490 seriptum
1034 3427 1118 3476 inerit
1127 3422 1323 3492 foetidicuaot,

259 3516 323 3565 bin
341 3527 358 3563 u
377 3517 489 3580 mutato,
507 3516 537 3564 nt
549 3523 637 3576 'saepe
656 3515 734 3566 alias.
753 3530 780 3565 v.
798 3527 859 3565 ann.
878 3515 912 3564 ad
932 3515 959 3564 o.
978 3519 1006 3564 et
1023 3511 1085 3562 108.

329 3603 375 3652 78.
411 3603 578 3655 molimentis
594 3602 626 3650 ll.
644 3607 673 3650 et
690 3606 859 3654 recentiores
876 3615 926 3665 pro
942 3598 1096 3651 momentis.
1124 3621 1159 3634 -
1175 3602 1325 3662 perducto.

260 3669 337 3741 codd.
357 3693 454 3741 menda
469 3691 538 3738 baud
555 3687 682 3738 insolita:
699 3693 847 3754 producto.
865 3689 986 3738 correxit
1001 3685 1028 3734 J.
1048 3687 1168 3736 Amnon.
1186 3686 1325 3738 adaurel.

260 3777 364 3830 Victor.
384 3792 407 3829 c.
421 3779 448 3828 Β.
464 3802 500 3814 -
517 3771 711 3841 Delmatiaqu'e
729 3777 814 3826 liberi.
827 3778 851 3825 lr.
863 3775 899 3837 l.;
920 3775 969 3824 sed
986 3771 1053 3823 alibi
1076 3771 1232 3838 Dalmatio,
1250 3767 1320 3823 stodt

261 3865 353 3928 vulgo.
370 3866 438 3916 illud
459 3865 557 3925 ubique
573 3865 736 3924 usurparunt
753 3865 801 3914 lir.
820 3863 929 3924 alitque.
949 3887 983 3896 —
1006 3858 1078 3925 [usti
1094 3864 1153 3912 eod.
1169 3863 1274 3914 Amerb.
1291 3863 1320 3909 et

262 3949 304 3998 cd.
322 3953 410 4005 altera
426 3945 554 4021 princeps
572 3950 704 4011 altaeque.
725 3949 825 4000 libem:
843 3949 932 4013 fante,
952 3950 1022 4010 quod
1039 3951 1168 4012 praetulit
1188 3941 1232 4001 0'r.

281 4057 287 4068 ·
331 4037 378 4090 ⁷⁰.
414 4037 619 4094 certaminibus.
637 4037 715 4102 libri,
732 4035 856 4087 subiecto
868 4039 897 4086 tu
909 4037 1040 4098 proximis
1051 4037 1230 4102 glossemate:
1249 4039 1331 4088 cert:

263 4125 345 4190 utque
366 4127 620 4181 concitationibus.
638 4150 674 4163 -
690 4125 736 4178 nir
754 4121 876 4177 uirtutis.
897 4125 940 4174 lta
952 4125 991 4182 Bt
1010 4125 1102 4176 codd:
1118 4124 1249 4186 cistartiis,⁸
1269 4115 1323 4188 qno

263 4225 364 4278 genere
382 4215 444 4264 vitii
462 4215 566 4266 nullum
585 4213 753 4278 frequentius
769 4223 830 4264 esse
852 4214 922 4276 apud
938 4209 1089 4278 Volteium,
1115 4215 1258 4265 enotavit
1276 4215 1322 4264 vir·

264 4303 442 4356 doctissimus.
473 4306 611 4354 contrario
638 4309 731 4353 errore
756 4301 802 4353 cir
819 4295 924 4354 uiribus
940 4315 989 4365 pro
1007 4303 1112 4356 cirione
1129 4304 1258 4364 scriptun
1277 4305 1320 4350 eet
