<?xml version="1.0" encoding="UTF-8"?>
<!DOCTYPE html PUBLIC "-//W3C//DTD XHTML 1.0 Transitional//EN"
    "http://www.w3.org/TR/xhtml1/DTD/xhtml1-transitional.dtd">
<html xmlns="http://www.w3.org/1999/xhtml" xml:lang="en" lang="en">
 <head>
  <title>
</title>
<meta http-equiv="Content-Type" content="text/html;charset=utf-8" />
  <meta name='ocr-system' content='tesseract 3.04.00' />
  <meta name='ocr-capabilities' content='ocr_page ocr_carea ocr_par ocr_line ocrx_word'/>
</head>
<body>
  <div class='ocr_page' id='page_1' title='image "./vellejipatercul00pategoog_0124.png"; bbox 0 0 2990 4894; ppageno 0'>
   <div class='ocr_carea' id='block_1_1' title="bbox 577 353 1224 435">
    <p class='ocr_par' dir='ltr' id='par_1_1' title="bbox 577 353 1224 435">
     <span class='ocr_line' id='line_1_1' title="bbox 577 353 1224 435; baseline 0.002 -1"><span class='ocrx_word' id='word_1_1' title='bbox 577 378 678 434; x_wconf 79' lang='lat' dir='ltr'><strong>nien.</strong></span> <span class='ocrx_word' id='word_1_2' title='bbox 704 385 740 434; x_wconf 78' lang='lat' dir='ltr'><strong>n.</strong></span> <span class='ocrx_word' id='word_1_3' title='bbox 768 381 812 434; x_wconf 83' lang='lat' dir='ltr'><strong>tt.</strong></span> <span class='ocrx_word' id='word_1_4' title='bbox 1156 353 1224 435; x_wconf 92' lang='grc'><strong>111</strong></span> 
     </span>
    </p>
   </div>
   <div class='ocr_carea' id='block_1_2' title="bbox 67 521 1295 2425">
    <p class='ocr_par' dir='ltr' id='par_1_2' title="bbox 169 521 1232 814">
     <span class='ocr_line' id='line_1_2' title="bbox 170 521 1227 610; baseline -0.002 -16"><span class='ocrx_word' id='word_1_5' title='bbox 170 531 317 610; x_wconf 61' lang='lat' dir='ltr'><strong>Romanu</strong></span> <span class='ocrx_word' id='word_1_6' title='bbox 343 521 485 594; x_wconf 86' lang='lat' dir='ltr'><strong>trucidati</strong></span> <span class='ocrx_word' id='word_1_7' title='bbox 503 527 732 607; x_wconf 79' lang='lat' dir='ltr'><strong>rregotiatores3</strong></span> <span class='ocrx_word' id='word_1_8' title='bbox 762 545 896 608; x_wconf 85' lang='lat' dir='ltr'><strong>magnus</strong></span> <span class='ocrx_word' id='word_1_9' title='bbox 916 523 1145 591; x_wconf 71' lang='lat' dir='ltr'><strong>vexillariorum</strong></span> <span class='ocrx_word' id='word_1_10' title='bbox 1164 547 1227 592; x_wconf 88' lang='lat' dir='ltr'><strong>nu-</strong></span> 
     </span>
     <span class='ocr_line' id='line_1_3' title="bbox 169 626 1229 720; baseline -0.003 -26"><span class='ocrx_word' id='word_1_11' title='bbox 169 649 275 694; x_wconf 85' lang='lat' dir='ltr'><strong>merus</strong></span> <span class='ocrx_word' id='word_1_12' title='bbox 293 631 333 696; x_wconf 87' lang='lat' dir='ltr'><strong>ad</strong></span> <span class='ocrx_word' id='word_1_13' title='bbox 357 629 602 720; x_wconf 78' lang='lat' dir='ltr'><strong>internecionem</strong></span> <span class='ocrx_word' id='word_1_14' title='bbox 621 645 660 688; x_wconf 88' lang='lat' dir='ltr'><strong>ea</strong></span> <span class='ocrx_word' id='word_1_15' title='bbox 683 629 714 688; x_wconf 93' lang='lat' dir='ltr'><strong>in</strong></span> <span class='ocrx_word' id='word_1_16' title='bbox 733 629 880 713; x_wconf 78' lang='lat' dir='ltr'>regione,</span> <span class='ocrx_word' id='word_1_17' title='bbox 891 633 893 642; x_wconf 63' lang='lat'>‘</span> <span class='ocrx_word' id='word_1_18' title='bbox 906 647 987 710; x_wconf 89' lang='lat' dir='ltr'><strong>quae</strong></span> <span class='ocrx_word' id='word_1_19' title='bbox 1006 630 1169 710; x_wconf 90' lang='lat' dir='ltr'><strong>plurimum</strong></span> <span class='ocrx_word' id='word_1_20' title='bbox 1187 626 1229 702; x_wconf 79' lang='lat' dir='ltr'><strong>ab</strong></span> 
     </span>
     <span class='ocr_line' id='line_1_4' title="bbox 169 730 1232 814; baseline -0.003 -20"><span class='ocrx_word' id='word_1_21' title='bbox 169 735 355 814; x_wconf 77' lang='lat' dir='ltr'><strong>imperatore</strong></span> <span class='ocrx_word' id='word_1_22' title='bbox 387 730 511 810; x_wconf 83' lang='lat' dir='ltr'><strong>aberat,</strong></span> <span class='ocrx_word' id='word_1_23' title='bbox 545 745 677 808; x_wconf 89' lang='lat' dir='ltr'><strong>caesus;</strong></span> <span class='ocrx_word' id='word_1_24' title='bbox 716 737 868 809; x_wconf 84' lang='lat' dir='ltr'><strong>occupata</strong></span> <span class='ocrx_word' id='word_1_25' title='bbox 900 730 995 791; x_wconf 87' lang='lat' dir='ltr'><strong>armis</strong></span> <span class='ocrx_word' id='word_1_26' title='bbox 1020 730 1232 810; x_wconf 61' lang='lat' dir='ltr'><strong>Macedonian</strong></span> 
     </span>
    </p>

    <p class='ocr_par' dir='ltr' id='par_1_3' title="bbox 142 829 1228 1214">
     <span class='ocr_line' id='line_1_5' title="bbox 142 829 1228 912; baseline -0.001 -17"><span class='ocrx_word' id='word_1_27' title='bbox 142 835 144 840; x_wconf 82' lang='lat'>&#39;</span> <span class='ocrx_word' id='word_1_28' title='bbox 169 834 272 895; x_wconf 90' lang='lat' dir='ltr'><strong>omnia</strong></span> <span class='ocrx_word' id='word_1_29' title='bbox 291 839 323 893; x_wconf 89' lang='lat' dir='ltr'><strong>et</strong></span> <span class='ocrx_word' id='word_1_30' title='bbox 340 832 371 890; x_wconf 93' lang='lat' dir='ltr'><strong>iu</strong></span> <span class='ocrx_word' id='word_1_31' title='bbox 393 829 535 891; x_wconf 90' lang='lat' dir='ltr'><strong>omnibus</strong></span> <span class='ocrx_word' id='word_1_32' title='bbox 551 829 628 892; x_wconf 88' lang='lat' dir='ltr'><strong>locis</strong></span> <span class='ocrx_word' id='word_1_33' title='bbox 646 829 711 910; x_wconf 83' lang='lat' dir='ltr'>igni</span> <span class='ocrx_word' id='word_1_34' title='bbox 734 829 880 912; x_wconf 87' lang='lat' dir='ltr'><strong>ferroque</strong></span> <span class='ocrx_word' id='word_1_35' title='bbox 900 839 1042 912; x_wconf 82' lang='lat' dir='ltr'><strong>vastata3</strong></span> <span class='ocrx_word' id='word_1_36' title='bbox 1063 832 1138 912; x_wconf 91' lang='lat' dir='ltr'><strong>quin</strong></span> <span class='ocrx_word' id='word_1_37' title='bbox 1156 833 1228 894; x_wconf 86' lang='lat' dir='ltr'><strong>tan-</strong></span> 
     </span>
     <span class='ocr_line' id='line_1_6' title="bbox 167 928 1228 1019; baseline -0.002 -23"><span class='ocrx_word' id='word_1_38' title='bbox 167 945 219 996; x_wconf 87' lang='lat' dir='ltr'><strong>tus</strong></span> <span class='ocrx_word' id='word_1_39' title='bbox 238 934 331 994; x_wconf 89' lang='lat' dir='ltr'><strong>ctiam</strong></span> <span class='ocrx_word' id='word_1_40' title='bbox 350 931 444 1008; x_wconf 88' lang='lat' dir='ltr'><strong>hujus</strong></span> <span class='ocrx_word' id='word_1_41' title='bbox 465 932 538 993; x_wconf 91' lang='lat' dir='ltr'><strong>bclli</strong></span> <span class='ocrx_word' id='word_1_42' title='bbox 557 940 660 992; x_wconf 90' lang='lat' dir='ltr'><strong>metus</strong></span> <span class='ocrx_word' id='word_1_43' title='bbox 680 930 753 1016; x_wconf 82' lang='lat' dir='ltr'><strong>luit,</strong></span> <span class='ocrx_word' id='word_1_44' title='bbox 782 941 817 994; x_wconf 93' lang='lat' dir='ltr'><strong>ut</strong></span> <span class='ocrx_word' id='word_1_45' title='bbox 836 928 977 994; x_wconf 90' lang='lat' dir='ltr'><strong>stabilem</strong></span> <span class='ocrx_word' id='word_1_46' title='bbox 996 933 1099 1019; x_wconf 79' lang='lat' dir='ltr'><strong>illum,</strong></span> <span class='ocrx_word' id='word_1_47' title='bbox 1120 941 1155 994; x_wconf 85' lang='lat' dir='ltr'><strong>et</strong></span> <span class='ocrx_word' id='word_1_48' title='bbox 1170 932 1228 994; x_wconf 88' lang='lat' dir='ltr'><strong>lir-</strong></span> 
     </span>
     <span class='ocr_line' id='line_1_7' title="bbox 167 1031 1228 1118; baseline -0.002 -22"><span class='ocrx_word' id='word_1_49' title='bbox 167 1043 283 1096; x_wconf 88' lang='lat' dir='ltr'><strong>matum</strong></span> <span class='ocrx_word' id='word_1_50' title='bbox 305 1039 457 1093; x_wconf 86' lang='lat' dir='ltr'><strong>tantorum</strong></span> <span class='ocrx_word' id='word_1_51' title='bbox 485 1032 633 1094; x_wconf 91' lang='lat' dir='ltr'><strong>bellorum</strong></span> <span class='ocrx_word' id='word_1_52' title='bbox 663 1031 872 1114; x_wconf 83' lang='lat' dir='ltr'><strong>experientia,</strong></span> <span class='ocrx_word' id='word_1_53' title='bbox 905 1031 1057 1094; x_wconf 79' lang='lat' dir='ltr'><strong>Caesaris</strong></span> <span class='ocrx_word' id='word_1_54' title='bbox 1090 1031 1228 1118; x_wconf 76' lang='lat' dir='ltr'><strong>Augusti</strong></span> 
     </span>
     <span class='ocr_line' id='line_1_8' title="bbox 167 1133 740 1214; baseline -0.007 -18"><span class='ocrx_word' id='word_1_55' title='bbox 167 1133 303 1196; x_wconf 90' lang='lat' dir='ltr'><strong>animum</strong></span> <span class='ocrx_word' id='word_1_56' title='bbox 322 1141 464 1212; x_wconf 85' lang='lat' dir='ltr'><strong>quateret</strong></span> <span class='ocrx_word' id='word_1_57' title='bbox 487 1141 579 1214; x_wconf 89' lang='lat' dir='ltr'><strong>atque</strong></span> <span class='ocrx_word' id='word_1_58' title='bbox 598 1141 740 1194; x_wconf 81' lang='lat' dir='ltr'><strong>terreret.</strong></span> 
     </span>
    </p>

    <p class='ocr_par' dir='ltr' id='par_1_4' title="bbox 166 1232 1295 1718">
     <span class='ocr_line' id='line_1_9' title="bbox 244 1232 1295 1319; baseline 0.005 -25"><span class='ocrx_word' id='word_1_59' title='bbox 244 1232 349 1294; x_wconf 86' lang='lat' dir='ltr'><strong>Habiti</strong></span> <span class='ocrx_word' id='word_1_60' title='bbox 368 1233 472 1314; x_wconf 89' lang='lat' dir='ltr'><strong>itaque</strong></span> <span class='ocrx_word' id='word_1_61' title='bbox 499 1233 658 1319; x_wconf 78' lang='lat' dir='ltr'><strong>delectus,</strong></span> <span class='ocrx_word' id='word_1_62' title='bbox 679 1234 821 1296; x_wconf 87' lang='lat' dir='ltr'><strong>revocati</strong></span> <span class='ocrx_word' id='word_1_63' title='bbox 840 1233 976 1315; x_wconf 91' lang='lat' dir='ltr'><strong>undique</strong></span> <span class='ocrx_word' id='word_1_64' title='bbox 994 1243 1026 1296; x_wconf 90' lang='lat' dir='ltr'><strong>ct</strong></span> <span class='ocrx_word' id='word_1_65' title='bbox 1042 1236 1295 1299; x_wconf 86' lang='lat' dir='ltr'><strong>omnesve-ill</strong></span> 
     </span>
     <span class='ocr_line' id='line_1_10' title="bbox 168 1333 1228 1415; baseline 0.002 -19"><span class='ocrx_word' id='word_1_66' title='bbox 168 1335 283 1414; x_wconf 82' lang='lat' dir='ltr'><strong>terani3</strong></span> <span class='ocrx_word' id='word_1_67' title='bbox 303 1333 363 1394; x_wconf 88' lang='lat' dir='ltr'><strong>viri</strong></span> <span class='ocrx_word' id='word_1_68' title='bbox 388 1333 585 1415; x_wconf 78' lang='lat' dir='ltr'><strong>feminaeque</strong></span> <span class='ocrx_word' id='word_1_69' title='bbox 610 1352 653 1395; x_wconf 81' lang='lat' dir='ltr'><strong>cx</strong></span> <span class='ocrx_word' id='word_1_70' title='bbox 672 1351 773 1396; x_wconf 87' lang='lat' dir='ltr'><strong>censu</strong></span> <span class='ocrx_word' id='word_1_71' title='bbox 795 1335 1014 1398; x_wconf 85' lang='lat' dir='ltr'><strong>libertinorum</strong></span> <span class='ocrx_word' id='word_1_72' title='bbox 1028 1337 1130 1399; x_wconf 83' lang='lat' dir='ltr'><strong>coacti</strong></span> <span class='ocrx_word' id='word_1_73' title='bbox 1152 1335 1228 1399; x_wconf 89' lang='lat' dir='ltr'><strong>darc</strong></span> 
     </span>
     <span class='ocr_line' id='line_1_11' title="bbox 167 1433 1229 1520; baseline 0.002 -24"><span class='ocrx_word' id='word_1_74' title='bbox 167 1434 305 1496; x_wconf 88' lang='lat' dir='ltr'><strong>militem.</strong></span> <span class='ocrx_word' id='word_1_75' title='bbox 342 1433 460 1495; x_wconf 86' lang='lat' dir='ltr'><strong>Audita</strong></span> <span class='ocrx_word' id='word_1_76' title='bbox 480 1435 512 1495; x_wconf 91' lang='lat' dir='ltr'><strong>in</strong></span> <span class='ocrx_word' id='word_1_77' title='bbox 532 1443 644 1496; x_wconf 89' lang='lat' dir='ltr'><strong>senatu</strong></span> <span class='ocrx_word' id='word_1_78' title='bbox 667 1453 733 1496; x_wconf 86' lang='lat' dir='ltr'><strong>vox</strong></span> <span class='ocrx_word' id='word_1_79' title='bbox 754 1435 924 1520; x_wconf 81' lang='lat' dir='ltr'><strong>Principis,</strong></span> <span class='ocrx_word' id='word_1_80' title='bbox 958 1443 1073 1498; x_wconf 70' lang='lat' dir='ltr'><strong>dommo</strong></span> <span class='ocrx_word' id='word_1_81' title='bbox 1098 1443 1161 1516; x_wconf 82' lang='lat' dir='ltr'><strong>dte,</strong></span> <span class='ocrx_word' id='word_1_82' title='bbox 1194 1445 1229 1498; x_wconf 85' lang='lat' dir='ltr'><strong>nt</strong></span> 
     </span>
     <span class='ocr_line' id='line_1_12' title="bbox 166 1531 1228 1613; baseline 0.002 -17"><span class='ocrx_word' id='word_1_83' title='bbox 166 1531 342 1613; x_wconf 79' lang='lat' dir='ltr'><strong>caveretur,</strong></span> <span class='ocrx_word' id='word_1_84' title='bbox 361 1554 455 1611; x_wconf 79' lang='lat' dir='ltr'><strong>posse</strong></span> <span class='ocrx_word' id='word_1_85' title='bbox 473 1540 591 1596; x_wconf 80' lang='lat' dir='ltr'><strong>bostem</strong></span> <span class='ocrx_word' id='word_1_86' title='bbox 610 1543 643 1596; x_wconf 86' lang='lat' dir='ltr'><strong>in</strong></span> <span class='ocrx_word' id='word_1_87' title='bbox 654 1540 743 1596; x_wconf 81' lang='lat' dir='ltr'><strong>urbis</strong></span> <span class='ocrx_word' id='word_1_88' title='bbox 762 1542 878 1596; x_wconf 79' lang='lat' dir='ltr'><strong>Romae</strong></span> <span class='ocrx_word' id='word_1_89' title='bbox 890 1544 1000 1598; x_wconf 65' lang='lat' dir='ltr'><strong>cenare</strong></span> <span class='ocrx_word' id='word_1_90' title='bbox 1012 1539 1228 1613; x_wconf 81' lang='lat' dir='ltr'><strong>conspectum.-</strong></span> 
     </span>
     <span class='ocr_line' id='line_1_13' title="bbox 167 1617 1227 1718; baseline 0 -18"><span class='ocrx_word' id='word_1_91' title='bbox 167 1637 355 1700; x_wconf 85' lang='lat' dir='ltr'><strong>Senatorum</strong></span> <span class='ocrx_word' id='word_1_92' title='bbox 386 1617 585 1718; x_wconf 80' lang='lat' dir='ltr'><strong>equitumque</strong></span> <span class='ocrx_word' id='word_1_93' title='bbox 606 1636 818 1700; x_wconf 86' lang='lat' dir='ltr'><strong>Romanorum</strong></span> <span class='ocrx_word' id='word_1_94' title='bbox 841 1648 974 1699; x_wconf 85' lang='lat' dir='ltr'><strong>exactae</strong></span> <span class='ocrx_word' id='word_1_95' title='bbox 997 1637 1090 1701; x_wconf 91' lang='lat' dir='ltr'><strong>adid</strong></span> <span class='ocrx_word' id='word_1_96' title='bbox 1114 1638 1227 1701; x_wconf 90' lang='lat' dir='ltr'><strong>bellum</strong></span> 
     </span>
    </p>

    <p class='ocr_par' dir='ltr' id='par_1_5' title="bbox 67 1737 1228 2022">
     <span class='ocr_line' id='line_1_14' title="bbox 67 1737 1228 1828; baseline 0 -28"><span class='ocrx_word' id='word_1_97' title='bbox 67 1817 69 1828; x_wconf 30' lang='grc' dir='ltr'>Ι</span> <span class='ocrx_word' id='word_1_98' title='bbox 167 1756 285 1817; x_wconf 80' lang='lat' dir='ltr'><strong>operae</strong></span> <span class='ocrx_word' id='word_1_99' title='bbox 311 1737 509 1817; x_wconf 79' lang='lat' dir='ltr'><strong>pollicitatae.</strong></span> <span class='ocrx_word' id='word_1_100' title='bbox 549 1737 662 1798; x_wconf 84' lang='lat' dir='ltr'><strong>Omnia</strong></span> <span class='ocrx_word' id='word_1_101' title='bbox 690 1737 771 1800; x_wconf 87' lang='lat' dir='ltr'><strong>haec</strong></span> <span class='ocrx_word' id='word_1_102' title='bbox 799 1739 913 1799; x_wconf 84' lang='lat' dir='ltr'><strong>frustra</strong></span> <span class='ocrx_word' id='word_1_103' title='bbox 936 1752 1228 1823; x_wconf 84' lang='lat' dir='ltr'><strong>praeparasscmns,</strong></span> 
     </span>
     <span class='ocr_line' id='line_1_15' title="bbox 168 1835 1227 1922; baseline 0 -22"><span class='ocrx_word' id='word_1_104' title='bbox 168 1840 246 1920; x_wconf 80' lang='lat' dir='ltr'><strong>nisi,</strong></span> <span class='ocrx_word' id='word_1_105' title='bbox 267 1840 320 1919; x_wconf 91' lang='lat' dir='ltr'><strong>qui</strong></span> <span class='ocrx_word' id='word_1_106' title='bbox 341 1840 392 1901; x_wconf 91' lang='lat' dir='ltr'><strong>illa</strong></span> <span class='ocrx_word' id='word_1_107' title='bbox 409 1847 554 1921; x_wconf 80' lang='lat' dir='ltr'><strong>regeret,</strong></span> <span class='ocrx_word' id='word_1_108' title='bbox 575 1835 706 1898; x_wconf 89' lang='lat' dir='ltr'><strong>inisset:</strong></span> <span class='ocrx_word' id='word_1_109' title='bbox 736 1839 860 1922; x_wconf 85' lang='lat' dir='ltr'><strong>itaque⁷</strong></span> <span class='ocrx_word' id='word_1_110' title='bbox 885 1849 918 1900; x_wconf 88' lang='lat' dir='ltr'><strong>ut</strong></span> <span class='ocrx_word' id='word_1_111' title='bbox 937 1838 1126 1919; x_wconf 86' lang='lat' dir='ltr'><strong>praesidium</strong></span> <span class='ocrx_word' id='word_1_112' title='bbox 1152 1840 1227 1900; x_wconf 92' lang='lat' dir='ltr'><strong>ulti-</strong></span> 
     </span>
     <span class='ocr_line' id='line_1_16' title="bbox 168 1936 1227 2022; baseline 0 -20"><span class='ocrx_word' id='word_1_113' title='bbox 168 1957 273 2020; x_wconf 78' lang='lat' dir='ltr'><strong>mum,</strong></span> <span class='ocrx_word' id='word_1_114' title='bbox 299 1940 495 2021; x_wconf 88' lang='lat' dir='ltr'><strong>respublica</strong></span> <span class='ocrx_word' id='word_1_115' title='bbox 521 1939 560 2000; x_wconf 88' lang='lat' dir='ltr'><strong>ab</strong></span> <span class='ocrx_word' id='word_1_116' title='bbox 580 1940 728 2020; x_wconf 86' lang='lat' dir='ltr'><strong>Augusto</strong></span> <span class='ocrx_word' id='word_1_117' title='bbox 752 1936 864 2002; x_wconf 89' lang='lat' dir='ltr'><strong>ducem</strong></span> <span class='ocrx_word' id='word_1_118' title='bbox 890 1941 922 2001; x_wconf 87' lang='lat' dir='ltr'><strong>in</strong></span> <span class='ocrx_word' id='word_1_119' title='bbox 946 1939 1063 2002; x_wconf 91' lang='lat' dir='ltr'><strong>bellum.</strong></span> <span class='ocrx_word' id='word_1_120' title='bbox 1083 1941 1227 2022; x_wconf 92' lang='lat' dir='ltr'><strong>poposcit</strong></span> 
     </span>
    </p>

    <p class='ocr_par' dir='ltr' id='par_1_6' title="bbox 84 2040 1228 2425">
     <span class='ocr_line' id='line_1_17' title="bbox 84 2040 1228 2122; baseline 0.001 -21"><span class='ocrx_word' id='word_1_121' title='bbox 84 2071 86 2074; x_wconf 95' lang='lat'>·</span> <span class='ocrx_word' id='word_1_122' title='bbox 166 2040 335 2103; x_wconf 84' lang='lat' dir='ltr'><strong>&#39;l&#39;ibcrium</strong></span> <span class='ocrx_word' id='word_1_123' title='bbox 373 2043 490 2104; x_wconf 84' lang='lat' dir='ltr'><strong>Habuit</strong></span> <span class='ocrx_word' id='word_1_124' title='bbox 512 2041 542 2102; x_wconf 93' lang='lat' dir='ltr'><strong>in</strong></span> <span class='ocrx_word' id='word_1_125' title='bbox 566 2041 626 2102; x_wconf 86' lang='lat' dir='ltr'><strong>lroc</strong></span> <span class='ocrx_word' id='word_1_126' title='bbox 646 2059 769 2122; x_wconf 91' lang='lat' dir='ltr'><strong>quoquc</strong></span> <span class='ocrx_word' id='word_1_127' title='bbox 796 2041 876 2104; x_wconf 91' lang='lat' dir='ltr'><strong>bello</strong></span> <span class='ocrx_word' id='word_1_128' title='bbox 897 2042 1098 2106; x_wconf 85' lang='lat' dir='ltr'><strong>mediocritas</strong></span> <span class='ocrx_word' id='word_1_129' title='bbox 1120 2050 1228 2104; x_wconf 87' lang='lat' dir='ltr'><strong>nostra</strong></span> 
     </span>
     <span class='ocr_line' id='line_1_18' title="bbox 168 2141 1227 2224; baseline 0 -22"><span class='ocrx_word' id='word_1_130' title='bbox 168 2141 308 2220; x_wconf 80' lang='lat' dir='ltr'><strong>speciosi</strong></span> <span class='ocrx_word' id='word_1_131' title='bbox 326 2143 488 2205; x_wconf 88' lang='lat' dir='ltr'><strong>ministerii</strong></span> <span class='ocrx_word' id='word_1_132' title='bbox 512 2142 628 2204; x_wconf 91' lang='lat' dir='ltr'><strong>locum:</strong></span> <span class='ocrx_word' id='word_1_133' title='bbox 657 2141 742 2202; x_wconf 89' lang='lat' dir='ltr'><strong>finita</strong></span> <span class='ocrx_word' id='word_1_134' title='bbox 761 2141 900 2222; x_wconf 83' lang='lat' dir='ltr'><strong>equestri</strong></span> <span class='ocrx_word' id='word_1_135' title='bbox 915 2141 1022 2204; x_wconf 90' lang='lat' dir='ltr'><strong>militia</strong></span> <span class='ocrx_word' id='word_1_136' title='bbox 1040 2142 1227 2224; x_wconf 86' lang='lat' dir='ltr'><strong>designatus</strong></span> 
     </span>
     <span class='ocr_line' id='line_1_19' title="bbox 168 2240 1226 2328; baseline -0.001 -24"><span class='ocrx_word' id='word_1_137' title='bbox 168 2251 336 2328; x_wconf 81' lang='lat' dir='ltr'><strong>quaestor,</strong></span> <span class='ocrx_word' id='word_1_138' title='bbox 361 2243 495 2306; x_wconf 82' lang='lat' dir='ltr'><strong>necdum</strong></span> <span class='ocrx_word' id='word_1_139' title='bbox 514 2243 642 2306; x_wconf 89' lang='lat' dir='ltr'><strong>senater&#39;</strong></span> <span class='ocrx_word' id='word_1_140' title='bbox 666 2251 818 2324; x_wconf 89' lang='lat' dir='ltr'><strong>aequatus</strong></span> <span class='ocrx_word' id='word_1_141' title='bbox 842 2243 1055 2325; x_wconf 84' lang='lat' dir='ltr'><strong>senatoribus,</strong></span> <span class='ocrx_word' id='word_1_142' title='bbox 1086 2240 1144 2303; x_wconf 87' lang='lat' dir='ltr'><strong>sed</strong></span> <span class='ocrx_word' id='word_1_143' title='bbox 1159 2242 1226 2322; x_wconf 88' lang='lat' dir='ltr'><strong>jam</strong></span> 
     </span>
     <span class='ocr_line' id='line_1_20' title="bbox 167 2341 1227 2425; baseline -0.002 -21"><span class='ocrx_word' id='word_1_144' title='bbox 167 2343 342 2424; x_wconf 80' lang='lat' dir='ltr'><strong>designatis</strong></span> <span class='ocrx_word' id='word_1_145' title='bbox 358 2345 487 2406; x_wconf 89' lang='lat' dir='ltr'><strong>tribunis</strong></span> <span class='ocrx_word' id='word_1_146' title='bbox 505 2344 626 2425; x_wconf 79' lang='lat' dir='ltr'><strong>plebei,</strong></span> <span class='ocrx_word' id='word_1_147' title='bbox 645 2351 765 2422; x_wconf 89' lang='lat' dir='ltr'><strong>partem</strong></span> <span class='ocrx_word' id='word_1_148' title='bbox 778 2343 939 2403; x_wconf 86' lang='lat' dir='ltr'><strong>exercitus</strong></span> <span class='ocrx_word' id='word_1_149' title='bbox 956 2342 995 2402; x_wconf 88' lang='lat' dir='ltr'><strong>ab</strong></span> <span class='ocrx_word' id='word_1_150' title='bbox 1008 2341 1094 2404; x_wconf 89' lang='lat' dir='ltr'><strong>Urbe</strong></span> <span class='ocrx_word' id='word_1_151' title='bbox 1108 2341 1227 2421; x_wconf 90' lang='lat' dir='ltr'><strong>[traditi</strong></span> 
     </span>
    </p>
   </div>
   <div class='ocr_carea' id='block_1_3' title="bbox 164 2441 1225 2929">
    <p class='ocr_par' dir='ltr' id='par_1_7' title="bbox 164 2441 1225 2929">
     <span class='ocr_line' id='line_1_21' title="bbox 164 2441 1225 2525; baseline -0.002 -19"><span class='ocrx_word' id='word_1_152' title='bbox 164 2446 205 2506; x_wconf 88' lang='lat' dir='ltr'><strong>ab</strong></span> <span class='ocrx_word' id='word_1_153' title='bbox 225 2444 388 2525; x_wconf 81' lang='lat' dir='ltr'><strong>Augusto]</strong></span> <span class='ocrx_word' id='word_1_154' title='bbox 408 2445 540 2524; x_wconf 84' lang='lat' dir='ltr'><strong>perduxi</strong></span> <span class='ocrx_word' id='word_1_155' title='bbox 563 2445 603 2506; x_wconf 88' lang='lat' dir='ltr'><strong>ad</strong></span> <span class='ocrx_word' id='word_1_156' title='bbox 626 2443 722 2504; x_wconf 87' lang='lat' dir='ltr'><strong>lilium</strong></span> <span class='ocrx_word' id='word_1_157' title='bbox 738 2441 817 2523; x_wconf 87' lang='lat' dir='ltr'><strong>ejus.</strong></span> <span class='ocrx_word' id='word_1_158' title='bbox 839 2443 891 2503; x_wconf 81' lang='lat' dir='ltr'><strong>ln</strong></span> <span class='ocrx_word' id='word_1_159' title='bbox 914 2450 1082 2522; x_wconf 87' lang='lat' dir='ltr'><strong>quaestura</strong></span> <span class='ocrx_word' id='word_1_160' title='bbox 1101 2441 1225 2522; x_wconf 78' lang='lat' dir='ltr'><strong>deinde,</strong></span> 
     </span>
     <span class='ocr_line' id='line_1_22' title="bbox 166 2537 1224 2626; baseline -0.001 -21"><span class='ocrx_word' id='word_1_161' title='bbox 166 2545 302 2606; x_wconf 88' lang='lat' dir='ltr'><strong>remissa</strong></span> <span class='ocrx_word' id='word_1_162' title='bbox 329 2554 415 2606; x_wconf 90' lang='lat' dir='ltr'><strong>sorte</strong></span> <span class='ocrx_word' id='word_1_163' title='bbox 443 2543 641 2626; x_wconf 84' lang='lat' dir='ltr'><strong>provinciae,</strong></span> <span class='ocrx_word' id='word_1_164' title='bbox 673 2545 802 2623; x_wconf 83' lang='lat' dir='ltr'><strong>legatus</strong></span> <span class='ocrx_word' id='word_1_165' title='bbox 828 2537 1005 2623; x_wconf 85' lang='lat' dir='ltr'><strong>[ejusdem]</strong></span> <span class='ocrx_word' id='word_1_166' title='bbox 1025 2543 1066 2605; x_wconf 90' lang='lat' dir='ltr'><strong>ad</strong></span> <span class='ocrx_word' id='word_1_167' title='bbox 1089 2542 1224 2604; x_wconf 86' lang='lat' dir='ltr'><strong>eundem</strong></span> 
     </span>
     <span class='ocr_line' id='line_1_23' title="bbox 165 2635 1224 2729; baseline -0.001 -21"><span class='ocrx_word' id='word_1_168' title='bbox 165 2646 295 2729; x_wconf 83' lang='lat' dir='ltr'><strong>missus,</strong></span> <span class='ocrx_word' id='word_1_169' title='bbox 315 2662 394 2727; x_wconf 91' lang='lat' dir='ltr'><strong>quas</strong></span> <span class='ocrx_word' id='word_1_170' title='bbox 412 2663 471 2706; x_wconf 89' lang='lat' dir='ltr'><strong>nos</strong></span> <span class='ocrx_word' id='word_1_171' title='bbox 490 2645 588 2724; x_wconf 88' lang='lat' dir='ltr'><strong>primo</strong></span> <span class='ocrx_word' id='word_1_172' title='bbox 601 2662 682 2706; x_wconf 90' lang='lat' dir='ltr'><strong>anno</strong></span> <span class='ocrx_word' id='word_1_173' title='bbox 696 2643 785 2724; x_wconf 77' lang='lat' dir='ltr'><strong>acies</strong></span> <span class='ocrx_word' id='word_1_174' title='bbox 799 2635 933 2706; x_wconf 85' lang='lat' dir='ltr'><strong>bostium</strong></span> <span class='ocrx_word' id='word_1_175' title='bbox 948 2643 1099 2707; x_wconf 85' lang='lat' dir='ltr'><strong>fodimus!</strong></span> <span class='ocrx_word' id='word_1_176' title='bbox 1121 2663 1224 2727; x_wconf 88' lang='lat' dir='ltr'><strong>quan-</strong></span> 
     </span>
     <span class='ocr_line' id='line_1_24' title="bbox 164 2743 1223 2828; baseline 0.001 -20"><span class='ocrx_word' id='word_1_177' title='bbox 164 2747 206 2808; x_wconf 88' lang='lat' dir='ltr'><strong>tis</strong></span> <span class='ocrx_word' id='word_1_178' title='bbox 232 2745 395 2826; x_wconf 89' lang='lat' dir='ltr'><strong>prudentia</strong></span> <span class='ocrx_word' id='word_1_179' title='bbox 419 2746 510 2808; x_wconf 87' lang='lat' dir='ltr'><strong>ducis</strong></span> <span class='ocrx_word' id='word_1_180' title='bbox 534 2745 811 2828; x_wconf 84' lang='lat' dir='ltr'><strong>opportunitatibus</strong></span> <span class='ocrx_word' id='word_1_181' title='bbox 838 2743 977 2809; x_wconf 83' lang='lat' dir='ltr'><strong>fruentes</strong></span> <span class='ocrx_word' id='word_1_182' title='bbox 1000 2765 1107 2809; x_wconf 89' lang='lat' dir='ltr'><strong>eorum</strong></span> <span class='ocrx_word' id='word_1_183' title='bbox 1135 2747 1223 2809; x_wconf 85' lang='lat' dir='ltr'><strong>vires</strong></span> 
     </span>
     <span class='ocr_line' id='line_1_25' title="bbox 165 2846 1223 2929; baseline 0.002 -21"><span class='ocrx_word' id='word_1_184' title='bbox 165 2847 332 2909; x_wconf 86' lang='lat' dir='ltr'><strong>universas</strong></span> <span class='ocrx_word' id='word_1_185' title='bbox 366 2847 518 2909; x_wconf 84' lang='lat' dir='ltr'><strong>clusimus</strong></span> <span class='ocrx_word' id='word_1_186' title='bbox 542 2846 694 2926; x_wconf 88' lang='lat' dir='ltr'><strong>partibus!</strong></span> <span class='ocrx_word' id='word_1_187' title='bbox 732 2856 845 2929; x_wconf 84' lang='lat' dir='ltr'><strong>quanto</strong></span> <span class='ocrx_word' id='word_1_188' title='bbox 874 2865 946 2910; x_wconf 89' lang='lat' dir='ltr'><strong>cum</strong></span> <span class='ocrx_word' id='word_1_189' title='bbox 980 2857 1223 2929; x_wconf 86' lang='lat' dir='ltr'><strong>temperamento</strong></span> 
     </span>
    </p>
   </div>
   <div class='ocr_carea' id='block_1_4' title="bbox 168 3000 397 3026">
    <p class='ocr_par' dir='ltr' id='par_1_8' title="bbox 168 3000 397 3026">
     <span class='ocr_line' id='line_1_26' title="bbox 168 3000 397 3026; baseline 0 -16"><span class='ocrx_word' id='word_1_190' title='bbox 168 3000 397 3026; x_wconf 41' lang='grc' dir='ltr'>Ἴ...-</span> 
     </span>
    </p>
   </div>
   <div class='ocr_carea' id='block_1_5' title="bbox 163 3067 1324 4364">
    <p class='ocr_par' dir='ltr' id='par_1_9' title="bbox 163 3067 1324 4364">
     <span class='ocr_line' id='line_1_27' title="bbox 234 3067 1228 3139; baseline 0.007 -24"><span class='ocrx_word' id='word_1_191' title='bbox 234 3067 292 3116; x_wconf 89' lang='grc'><strong>111.</strong></span> <span class='ocrx_word' id='word_1_192' title='bbox 326 3068 438 3118; x_wconf 83' lang='lat' dir='ltr'><strong>soloece</strong></span> <span class='ocrx_word' id='word_1_193' title='bbox 459 3070 553 3119; x_wconf 84' lang='lat' dir='ltr'><strong>codd:</strong></span> <span class='ocrx_word' id='word_1_194' title='bbox 584 3073 708 3121; x_wconf 83' lang='lat' dir='ltr'><strong>coactae.</strong></span> <span class='ocrx_word' id='word_1_195' title='bbox 727 3073 880 3120; x_wconf 85' lang='lat' dir='ltr'><strong>emendavit</strong></span> <span class='ocrx_word' id='word_1_196' title='bbox 904 3069 1024 3120; x_wconf 81' lang='lat' dir='ltr'><strong>Clodius.</strong></span> <span class='ocrx_word' id='word_1_197' title='bbox 1052 3087 1087 3139; x_wconf 86' lang='lat' dir='ltr'><strong>o,</strong></span> <span class='ocrx_word' id='word_1_198' title='bbox 1113 3085 1147 3122; x_wconf 86' lang='lat' dir='ltr'><strong>oe</strong></span> <span class='ocrx_word' id='word_1_199' title='bbox 1167 3075 1195 3122; x_wconf 90' lang='lat' dir='ltr'><strong>et</strong></span> <span class='ocrx_word' id='word_1_200' title='bbox 1212 3074 1228 3123; x_wconf 78' lang='lat' dir='ltr'><strong>i·</strong></span> 
     </span>
     <span class='ocr_line' id='line_1_28' title="bbox 164 3153 1222 3221; baseline 0.006 -15"><span class='ocrx_word' id='word_1_201' title='bbox 164 3153 236 3206; x_wconf 84' lang='lat' dir='ltr'><strong>alias</strong></span> <span class='ocrx_word' id='word_1_202' title='bbox 260 3167 364 3218; x_wconf 86' lang='lat' dir='ltr'><strong>quoque</strong></span> <span class='ocrx_word' id='word_1_203' title='bbox 386 3159 544 3218; x_wconf 82' lang='lat' dir='ltr'><strong>permutata.</strong></span> <span class='ocrx_word' id='word_1_204' title='bbox 568 3181 603 3191; x_wconf 89' lang='lat'>—</span> <span class='ocrx_word' id='word_1_205' title='bbox 626 3155 812 3219; x_wconf 78' lang='lat' dir='ltr'><strong>pollicitatae.</strong></span> <span class='ocrx_word' id='word_1_206' title='bbox 836 3159 935 3206; x_wconf 77' lang='lat' dir='ltr'><strong>Rieu:</strong></span> <span class='ocrx_word' id='word_1_207' title='bbox 960 3157 1104 3221; x_wconf 79' lang='lat' dir='ltr'><strong>poll-ti.</strong></span> <span class='ocrx_word' id='word_1_208' title='bbox 1124 3160 1162 3208; x_wconf 83' lang='lat' dir='ltr'><strong>ll:</strong></span> <span class='ocrx_word' id='word_1_209' title='bbox 1185 3173 1222 3212; x_wconf 76' lang='lat' dir='ltr'><strong>ec</strong></span> 
     </span>
     <span class='ocr_line' id='line_1_29' title="bbox 163 3243 1324 3314; baseline 0.006 -20"><span class='ocrx_word' id='word_1_210' title='bbox 163 3243 377 3307; x_wconf 78' lang='lat' dir='ltr'><strong>pollicitatione.</strong></span> <span class='ocrx_word' id='word_1_211' title='bbox 395 3245 485 3306; x_wconf 88' lang='lat' dir='ltr'><strong>quidni</strong></span> <span class='ocrx_word' id='word_1_212' title='bbox 505 3246 675 3294; x_wconf 83' lang='lat' dir='ltr'><strong>admittamus</strong></span> <span class='ocrx_word' id='word_1_213' title='bbox 693 3245 862 3307; x_wconf 83' lang='lat' dir='ltr'><strong>participium</strong></span> <span class='ocrx_word' id='word_1_214' title='bbox 877 3246 1054 3310; x_wconf 80' lang='lat' dir='ltr'><strong>pollicitatae</strong></span> <span class='ocrx_word' id='word_1_215' title='bbox 1065 3261 1222 3312; x_wconf 86' lang='lat' dir='ltr'><strong>sensupas-</strong></span> <span class='ocrx_word' id='word_1_216' title='bbox 1323 3305 1324 3314; x_wconf 20' lang='lat' dir='ltr'><strong>q</strong></span> 
     </span>
     <span class='ocr_line' id='line_1_30' title="bbox 166 3330 1224 3396; baseline 0.005 -16"><span class='ocrx_word' id='word_1_217' title='bbox 166 3333 236 3395; x_wconf 83' lang='lat' dir='ltr'><strong>sivi,</strong></span> <span class='ocrx_word' id='word_1_218' title='bbox 251 3334 325 3382; x_wconf 88' lang='lat' dir='ltr'><strong>sicut</strong></span> <span class='ocrx_word' id='word_1_219' title='bbox 339 3330 508 3396; x_wconf 75' lang='lat' dir='ltr'><strong>pollicitus?</strong></span> <span class='ocrx_word' id='word_1_220' title='bbox 524 3355 558 3368; x_wconf 88' lang='lat'><em>-</em></span> <span class='ocrx_word' id='word_1_221' title='bbox 584 3331 710 3382; x_wconf 86' lang='lat' dir='ltr'><strong>ultimum</strong></span> <span class='ocrx_word' id='word_1_222' title='bbox 729 3335 829 3394; x_wconf 85' lang='lat' dir='ltr'><strong>primus</strong></span> <span class='ocrx_word' id='word_1_223' title='bbox 846 3335 921 3396; x_wconf 80' lang='lat' dir='ltr'><strong>Lips.</strong></span> <span class='ocrx_word' id='word_1_224' title='bbox 939 3347 989 3396; x_wconf 87' lang='lat' dir='ltr'><strong>pro</strong></span> <span class='ocrx_word' id='word_1_225' title='bbox 1007 3335 1132 3388; x_wconf 85' lang='lat' dir='ltr'><strong>militum.</strong></span> <span class='ocrx_word' id='word_1_226' title='bbox 1151 3339 1224 3386; x_wconf 87' lang='lat' dir='ltr'><strong>idem</strong></span> 
     </span>
     <span class='ocr_line' id='line_1_31' title="bbox 166 3417 1223 3488; baseline 0.004 -18"><span class='ocrx_word' id='word_1_227' title='bbox 166 3419 314 3470; x_wconf 67' lang='lat' dir='ltr'><strong>ouabterii</strong></span> <span class='ocrx_word' id='word_1_228' title='bbox 332 3418 451 3470; x_wconf 85' lang='lat' dir='ltr'><strong>malebat</strong></span> <span class='ocrx_word' id='word_1_229' title='bbox 467 3432 546 3480; x_wconf 86' lang='lat' dir='ltr'><strong>quam</strong></span> <span class='ocrx_word' id='word_1_230' title='bbox 567 3417 703 3482; x_wconf 83' lang='lat' dir='ltr'><strong>ministri,</strong></span> <span class='ocrx_word' id='word_1_231' title='bbox 720 3423 789 3482; x_wconf 88' lang='lat' dir='ltr'><strong>quod</strong></span> <span class='ocrx_word' id='word_1_232' title='bbox 806 3421 908 3484; x_wconf 85' lang='lat' dir='ltr'><strong>legitur</strong></span> <span class='ocrx_word' id='word_1_233' title='bbox 925 3424 954 3472; x_wconf 88' lang='lat' dir='ltr'><strong>in</strong></span> <span class='ocrx_word' id='word_1_234' title='bbox 973 3423 1059 3474; x_wconf 87' lang='lat' dir='ltr'><strong>libris.</strong></span> <span class='ocrx_word' id='word_1_235' title='bbox 1077 3451 1112 3460; x_wconf 90' lang='lat'><em>-</em></span> <span class='ocrx_word' id='word_1_236' title='bbox 1138 3424 1223 3488; x_wconf 79' lang='lat' dir='ltr'><strong>finita</strong></span> 
     </span>
     <span class='ocr_line' id='line_1_32' title="bbox 166 3507 1220 3574; baseline -0.001 -16"><span class='ocrx_word' id='word_1_237' title='bbox 166 3507 296 3574; x_wconf 80' lang='lat' dir='ltr'><strong>equestri.</strong></span> <span class='ocrx_word' id='word_1_238' title='bbox 319 3509 471 3568; x_wconf 80' lang='lat' dir='ltr'><strong>asyndeton</strong></span> <span class='ocrx_word' id='word_1_239' title='bbox 490 3509 702 3570; x_wconf 84' lang='lat' dir='ltr'><strong>epexegeticum.</strong></span> <span class='ocrx_word' id='word_1_240' title='bbox 731 3531 767 3546; x_wconf 89' lang='lat'><em>-</em></span> <span class='ocrx_word' id='word_1_241' title='bbox 795 3511 844 3560; x_wconf 82' lang='lat' dir='ltr'><strong>sed</strong></span> <span class='ocrx_word' id='word_1_242' title='bbox 859 3508 923 3572; x_wconf 80' lang='lat' dir='ltr'><strong>jom</strong></span> <span class='ocrx_word' id='word_1_243' title='bbox 953 3515 1010 3570; x_wconf 84' lang='lat' dir='ltr'><strong>(set</strong></span> <span class='ocrx_word' id='word_1_244' title='bbox 1037 3515 1114 3567; x_wconf 73' lang='lat' dir='ltr'><strong>iam).</strong></span> <span class='ocrx_word' id='word_1_245' title='bbox 1143 3511 1220 3558; x_wconf 88' lang='lat' dir='ltr'><strong>codd.</strong></span> 
     </span>
     <span class='ocr_line' id='line_1_33' title="bbox 167 3595 1221 3664; baseline 0.001 -18"><span class='ocrx_word' id='word_1_246' title='bbox 167 3597 264 3646; x_wconf 86' lang='lat' dir='ltr'><strong>menda</strong></span> <span class='ocrx_word' id='word_1_247' title='bbox 282 3595 433 3646; x_wconf 83' lang='lat' dir='ltr'><strong>tralaticia:</strong></span> <span class='ocrx_word' id='word_1_248' title='bbox 463 3595 555 3646; x_wconf 86' lang='lat' dir='ltr'><strong>etiam.</strong></span> <span class='ocrx_word' id='word_1_249' title='bbox 574 3597 729 3646; x_wconf 84' lang='lat' dir='ltr'><strong>meritorum</strong></span> <span class='ocrx_word' id='word_1_250' title='bbox 747 3599 836 3660; x_wconf 82' lang='lat' dir='ltr'><strong>gratia</strong></span> <span class='ocrx_word' id='word_1_251' title='bbox 856 3599 942 3664; x_wconf 65' lang='lat' dir='ltr'><strong>vell„</strong></span> <span class='ocrx_word' id='word_1_252' title='bbox 965 3601 1088 3662; x_wconf 83' lang='lat' dir='ltr'><strong>quamvis</strong></span> <span class='ocrx_word' id='word_1_253' title='bbox 1105 3599 1221 3647; x_wconf 88' lang='lat' dir='ltr'><strong>noudum</strong></span> 
     </span>
     <span class='ocr_line' id='line_1_34' title="bbox 165 3679 1221 3748; baseline 0.001 -15"><span class='ocrx_word' id='word_1_254' title='bbox 165 3687 291 3748; x_wconf 83' lang='lat' dir='ltr'><strong>senator,</strong></span> <span class='ocrx_word' id='word_1_255' title='bbox 313 3679 370 3746; x_wconf 82' lang='lat' dir='ltr'><strong>jam</strong></span> <span class='ocrx_word' id='word_1_256' title='bbox 393 3685 422 3733; x_wconf 87' lang='lat' dir='ltr'><strong>in</strong></span> <span class='ocrx_word' id='word_1_257' title='bbox 447 3695 586 3733; x_wconf 87' lang='lat' dir='ltr'><strong>numerum</strong></span> <span class='ocrx_word' id='word_1_258' title='bbox 615 3685 816 3747; x_wconf 84' lang='lat' dir='ltr'><strong>designatorum</strong></span> <span class='ocrx_word' id='word_1_259' title='bbox 834 3689 1002 3738; x_wconf 87' lang='lat' dir='ltr'><strong>tribunorum</strong></span> <span class='ocrx_word' id='word_1_260' title='bbox 1024 3687 1074 3748; x_wconf 86' lang='lat' dir='ltr'><strong>pl,</strong></span> <span class='ocrx_word' id='word_1_261' title='bbox 1100 3686 1221 3746; x_wconf 87' lang='lat' dir='ltr'><strong>quitum</strong></span> 
     </span>
     <span class='ocr_line' id='line_1_35' title="bbox 165 3771 1221 3838; baseline -0.002 -16"><span class='ocrx_word' id='word_1_262' title='bbox 165 3771 337 3835; x_wconf 80' lang='lat' dir='ltr'><strong>eligebantur</strong></span> <span class='ocrx_word' id='word_1_263' title='bbox 357 3783 373 3820; x_wconf 92' lang='lat' dir='ltr'><strong>e</strong></span> <span class='ocrx_word' id='word_1_264' title='bbox 397 3774 510 3834; x_wconf 84' lang='lat' dir='ltr'><strong>senatu,</strong></span> <span class='ocrx_word' id='word_1_265' title='bbox 542 3774 669 3834; x_wconf 88' lang='lat' dir='ltr'><strong>receptus</strong></span> <span class='ocrx_word' id='word_1_266' title='bbox 690 3776 757 3824; x_wconf 88' lang='lat' dir='ltr'><strong>erat.</strong></span> <span class='ocrx_word' id='word_1_267' title='bbox 786 3788 812 3823; x_wconf 87' lang='lat' dir='ltr'><strong>v.</strong></span> <span class='ocrx_word' id='word_1_268' title='bbox 840 3775 927 3838; x_wconf 77' lang='lat' dir='ltr'><strong>Lipsit</strong></span> <span class='ocrx_word' id='word_1_269' title='bbox 950 3775 1038 3824; x_wconf 76' lang='lat' dir='ltr'><strong>Eleot.</strong></span> <span class='ocrx_word' id='word_1_270' title='bbox 1065 3772 1097 3836; x_wconf 73' lang='lat'><strong>2,</strong></span> <span class='ocrx_word' id='word_1_271' title='bbox 1121 3772 1165 3822; x_wconf 79' lang='lat'><strong>1³.</strong></span> <span class='ocrx_word' id='word_1_272' title='bbox 1185 3799 1221 3810; x_wconf 89' lang='lat'><em>-</em></span> 
     </span>
     <span class='ocr_line' id='line_1_36' title="bbox 163 3857 1281 3925; baseline -0.002 -13"><span class='ocrx_word' id='word_1_273' title='bbox 163 3857 288 3922; x_wconf 65' lang='lat' dir='ltr'><strong>[maddi</strong></span> <span class='ocrx_word' id='word_1_274' title='bbox 305 3861 340 3911; x_wconf 84' lang='lat' dir='ltr'><strong>ab</strong></span> <span class='ocrx_word' id='word_1_275' title='bbox 356 3857 500 3925; x_wconf 68' lang='lat' dir='ltr'><strong>supano]</strong></span> <span class='ocrx_word' id='word_1_276' title='bbox 516 3859 596 3910; x_wconf 82' lang='lat' dir='ltr'><strong>futile</strong></span> <span class='ocrx_word' id='word_1_277' title='bbox 609 3859 745 3924; x_wconf 78' lang='lat' dir='ltr'><strong>glossema</strong></span> <span class='ocrx_word' id='word_1_278' title='bbox 761 3866 790 3912; x_wconf 89' lang='lat' dir='ltr'><strong>et</strong></span> <span class='ocrx_word' id='word_1_279' title='bbox 805 3865 958 3924; x_wconf 87' lang='lat' dir='ltr'><strong>importuno</strong></span> <span class='ocrx_word' id='word_1_280' title='bbox 969 3860 1032 3910; x_wconf 89' lang='lat' dir='ltr'><strong>loeo</strong></span> <span class='ocrx_word' id='word_1_281' title='bbox 1050 3863 1175 3922; x_wconf 88' lang='lat' dir='ltr'><strong>positum.</strong></span> <span class='ocrx_word' id='word_1_282' title='bbox 1185 3887 1213 3898; x_wconf 91' lang='lat'><em>-</em></span> <span class='ocrx_word' id='word_1_283' title='bbox 1280 3919 1281 3922; x_wconf 7' lang='grc' dir='ltr'><strong>Ἰ</strong></span> 
     </span>
     <span class='ocr_line' id='line_1_37' title="bbox 166 3944 1218 4014; baseline 0.003 -15"><span class='ocrx_word' id='word_1_284' title='bbox 166 3945 328 4012; x_wconf 76' lang='lat' dir='ltr'><strong>[ejusden]</strong></span> <span class='ocrx_word' id='word_1_285' title='bbox 344 3949 372 3998; x_wconf 90' lang='lat' dir='ltr'><strong>id</strong></span> <span class='ocrx_word' id='word_1_286' title='bbox 384 3960 433 4010; x_wconf 90' lang='lat' dir='ltr'><strong>per</strong></span> <span class='ocrx_word' id='word_1_287' title='bbox 455 3961 486 3998; x_wconf 85' lang='lat' dir='ltr'><strong>se</strong></span> <span class='ocrx_word' id='word_1_288' title='bbox 497 3949 652 4011; x_wconf 78' lang='lat' dir='ltr'><strong>intelligas,</strong></span> <span class='ocrx_word' id='word_1_289' title='bbox 667 3961 719 4000; x_wconf 88' lang='lat' dir='ltr'><strong>nec</strong></span> <span class='ocrx_word' id='word_1_290' title='bbox 735 3951 848 4014; x_wconf 81' lang='lat' dir='ltr'><strong>elegans</strong></span> <span class='ocrx_word' id='word_1_291' title='bbox 867 3951 911 3998; x_wconf 85' lang='lat' dir='ltr'><strong>luc</strong></span> <span class='ocrx_word' id='word_1_292' title='bbox 929 3944 1047 4009; x_wconf 81' lang='lat' dir='ltr'><strong>scriptor</strong></span> <span class='ocrx_word' id='word_1_293' title='bbox 1066 3948 1218 4002; x_wconf 81' lang='lat' dir='ltr'><strong>inculcasse</strong></span> 
     </span>
     <span class='ocr_line' id='line_1_38' title="bbox 168 4032 1218 4100; baseline 0.003 -12"><span class='ocrx_word' id='word_1_294' title='bbox 168 4039 301 4096; x_wconf 65' lang='lat' dir='ltr'><strong>anundus</strong></span> <span class='ocrx_word' id='word_1_295' title='bbox 317 4041 368 4086; x_wconf 79' lang='lat' dir='ltr'><strong>est.</strong></span> <span class='ocrx_word' id='word_1_296' title='bbox 386 4059 421 4071; x_wconf 83' lang='lat'><em>—</em></span> <span class='ocrx_word' id='word_1_297' title='bbox 436 4034 570 4100; x_wconf 72' lang='lat' dir='ltr'><strong>fruentes.</strong></span> <span class='ocrx_word' id='word_1_298' title='bbox 588 4039 647 4086; x_wconf 90' lang='lat' dir='ltr'><strong>cod.</strong></span> <span class='ocrx_word' id='word_1_299' title='bbox 665 4034 787 4100; x_wconf 87' lang='lat' dir='ltr'><strong>trajectis</strong></span> <span class='ocrx_word' id='word_1_300' title='bbox 796 4036 915 4084; x_wconf 75' lang='lat' dir='ltr'><strong>&#39;litterisz</strong></span> <span class='ocrx_word' id='word_1_301' title='bbox 930 4032 1056 4098; x_wconf 75' lang='lat' dir='ltr'><strong>fure&#39;teis.</strong></span> <span class='ocrx_word' id='word_1_302' title='bbox 1073 4059 1108 4072; x_wconf 91' lang='lat'><em>-</em></span> <span class='ocrx_word' id='word_1_303' title='bbox 1132 4039 1218 4091; x_wconf 83' lang='lat' dir='ltr'><strong>elusi-</strong></span> 
     </span>
     <span class='ocr_line' id='line_1_39' title="bbox 168 4121 1225 4192; baseline 0.005 -18"><span class='ocrx_word' id='word_1_304' title='bbox 168 4133 235 4174; x_wconf 83' lang='lat' dir='ltr'><strong>mas.</strong></span> <span class='ocrx_word' id='word_1_305' title='bbox 266 4126 319 4176; x_wconf 89' lang='lat' dir='ltr'><strong>boo</strong></span> <span class='ocrx_word' id='word_1_306' title='bbox 345 4127 481 4176; x_wconf 87' lang='lat' dir='ltr'><strong>sententia</strong></span> <span class='ocrx_word' id='word_1_307' title='bbox 501 4128 640 4187; x_wconf 75' lang='lat' dir='ltr'><strong>exposcit:</strong></span> <span class='ocrx_word' id='word_1_308' title='bbox 669 4139 731 4176; x_wconf 89' lang='lat' dir='ltr'><strong>nam</strong></span> <span class='ocrx_word' id='word_1_309' title='bbox 753 4122 869 4186; x_wconf 82' lang='lat' dir='ltr'><strong>grandes</strong></span> <span class='ocrx_word' id='word_1_310' title='bbox 886 4121 950 4172; x_wconf 89' lang='lat' dir='ltr'><strong>illas</strong></span> <span class='ocrx_word' id='word_1_311' title='bbox 972 4124 1089 4174; x_wconf 85' lang='lat' dir='ltr'><strong>bostium</strong></span> <span class='ocrx_word' id='word_1_312' title='bbox 1116 4130 1225 4192; x_wconf 48' lang='lat' dir='ltr'><strong>copias*</strong></span> 
     </span>
     <span class='ocr_line' id='line_1_40' title="bbox 168 4210 1219 4276; baseline 0.009 -19"><span class='ocrx_word' id='word_1_313' title='bbox 168 4212 199 4258; x_wconf 88' lang='lat' dir='ltr'><strong>ut</strong></span> <span class='ocrx_word' id='word_1_314' title='bbox 221 4210 305 4272; x_wconf 82' lang='lat' dir='ltr'><strong>Liprti</strong></span> <span class='ocrx_word' id='word_1_315' title='bbox 322 4215 414 4266; x_wconf 87' lang='lat' dir='ltr'><strong>verbis</strong></span> <span class='ocrx_word' id='word_1_316' title='bbox 434 4215 510 4276; x_wconf 86' lang='lat' dir='ltr'><strong>utar,</strong></span> <span class='ocrx_word' id='word_1_317' title='bbox 539 4212 654 4264; x_wconf 84' lang='lat' dir='ltr'><strong>Romani</strong></span> <span class='ocrx_word' id='word_1_318' title='bbox 680 4217 734 4262; x_wconf 88' lang='lat' dir='ltr'><strong>tum</strong></span> <span class='ocrx_word' id='word_1_319' title='bbox 762 4213 920 4270; x_wconf 85' lang='lat' dir='ltr'><strong>carpserunt</strong></span> <span class='ocrx_word' id='word_1_320' title='bbox 942 4224 991 4274; x_wconf 86' lang='lat' dir='ltr'><strong>per</strong></span> <span class='ocrx_word' id='word_1_321' title='bbox 1018 4216 1119 4276; x_wconf 86' lang='lat' dir='ltr'><strong>partes.</strong></span> <span class='ocrx_word' id='word_1_322' title='bbox 1147 4215 1219 4267; x_wconf 89' lang='lat' dir='ltr'><strong>liber·</strong></span> 
     </span>
     <span class='ocr_line' id='line_1_41' title="bbox 169 4298 1217 4364; baseline 0.005 -17"><span class='ocrx_word' id='word_1_323' title='bbox 169 4299 330 4359; x_wconf 80' lang='lat' dir='ltr'><strong>depravate:</strong></span> <span class='ocrx_word' id='word_1_324' title='bbox 350 4299 502 4364; x_wconf 76' lang='lat' dir='ltr'><strong>etaosimue,</strong></span> <span class='ocrx_word' id='word_1_325' title='bbox 527 4309 611 4359; x_wconf 85' lang='lat' dir='ltr'><strong>apro</strong></span> <span class='ocrx_word' id='word_1_326' title='bbox 635 4301 789 4361; x_wconf 83' lang='lat' dir='ltr'><strong>ascripto,</strong></span> <span class='ocrx_word' id='word_1_327' title='bbox 813 4298 875 4348; x_wconf 85' lang='lat' dir='ltr'><strong>dein</strong></span> <span class='ocrx_word' id='word_1_328' title='bbox 899 4312 966 4351; x_wconf 89' lang='lat' dir='ltr'><strong>voce</strong></span> <span class='ocrx_word' id='word_1_329' title='bbox 992 4302 1067 4353; x_wconf 89' lang='lat' dir='ltr'><strong>nibili</strong></span> <span class='ocrx_word' id='word_1_330' title='bbox 1087 4305 1217 4356; x_wconf 68' lang='lat' dir='ltr'><strong>emmanue</strong></span> 
     </span>
    </p>
   </div>
   <div class='ocr_carea' id='block_1_6' title="bbox 0 0 1500 4894">
    <p class='ocr_par' dir='ltr' id='par_1_10' title="bbox 0 0 1500 4894">
     <span class='ocr_line' id='line_1_42' title="bbox 0 0 1500 4894; baseline 0 2"><span class='ocrx_word' id='word_1_331' title='bbox 0 0 1500 4894; x_wconf 95' lang='lat' dir='ltr'><strong> </strong></span> 
     </span>
    </p>
   </div>
  </div>
 </body>
</html>
