<?xml version="1.0" encoding="UTF-8"?>
<!DOCTYPE html PUBLIC "-//W3C//DTD XHTML 1.0 Transitional//EN"
    "http://www.w3.org/TR/xhtml1/DTD/xhtml1-transitional.dtd">
<html xmlns="http://www.w3.org/1999/xhtml" xml:lang="en" lang="en">
 <head>
  <title>
</title>
<meta http-equiv="Content-Type" content="text/html;charset=utf-8" />
  <meta name='ocr-system' content='tesseract 3.04.00' />
  <meta name='ocr-capabilities' content='ocr_page ocr_carea ocr_par ocr_line ocrx_word'/>
</head>
<body>
  <div class='ocr_page' id='page_1' title='image "./vellejipatercul00pategoog_0126.png"; bbox 0 0 2990 4894; ppageno 0'>
   <div class='ocr_carea' id='block_1_1' title="bbox 589 345 1236 466">
    <p class='ocr_par' dir='ltr' id='par_1_1' title="bbox 589 345 1236 466">
     <span class='ocr_line' id='line_1_1' title="bbox 589 345 1236 466; baseline 0.003 -45"><span class='ocrx_word' id='word_1_1' title='bbox 589 371 690 422; x_wconf 83' lang='lat' dir='ltr'><strong>utsr.</strong></span> <span class='ocrx_word' id='word_1_2' title='bbox 718 370 754 419; x_wconf 84' lang='lat'><strong>1..</strong></span> <span class='ocrx_word' id='word_1_3' title='bbox 782 371 826 420; x_wconf 88' lang='lat'><strong>11.</strong></span> <span class='ocrx_word' id='word_1_4' title='bbox 1129 463 1132 466; x_wconf 75' lang='lat'><strong>.</strong></span> <span class='ocrx_word' id='word_1_5' title='bbox 1163 345 1236 424; x_wconf 80' lang='lat'><strong>113</strong></span> 
     </span>
    </p>
   </div>
   <div class='ocr_carea' id='block_1_2' title="bbox 51 512 1310 2945">
    <p class='ocr_par' dir='ltr' id='par_1_2' title="bbox 82 512 1310 2652">
     <span class='ocr_line' id='line_1_2' title="bbox 177 512 1231 601; baseline 0.002 -21"><span class='ocrx_word' id='word_1_6' title='bbox 177 518 344 601; x_wconf 87' lang='lat' dir='ltr'><strong>metalces,</strong></span> <span class='ocrx_word' id='word_1_7' title='bbox 375 517 528 580; x_wconf 79' lang='lat' dir='ltr'><strong>&#39;l&#39;lrraciae</strong></span> <span class='ocrx_word' id='word_1_8' title='bbox 552 531 640 598; x_wconf 85' lang='lat' dir='ltr'><strong>rex,</strong></span> <span class='ocrx_word' id='word_1_9' title='bbox 659 517 691 575; x_wconf 92' lang='lat' dir='ltr'><strong>in</strong></span> <span class='ocrx_word' id='word_1_10' title='bbox 719 512 900 594; x_wconf 86' lang='lat' dir='ltr'><strong>adjutorium</strong></span> <span class='ocrx_word' id='word_1_11' title='bbox 928 515 1001 593; x_wconf 79' lang='lat' dir='ltr'><strong>eJus</strong></span> <span class='ocrx_word' id='word_1_12' title='bbox 1026 515 1098 579; x_wconf 89' lang='lat' dir='ltr'><strong>belli</strong></span> <span class='ocrx_word' id='word_1_13' title='bbox 1120 533 1231 582; x_wconf 78' lang='lat' dir='ltr'><strong>sacrun</strong></span> 
     </span>
     <span class='ocr_line' id='line_1_3' title="bbox 177 614 1233 702; baseline 0.003 -20"><span class='ocrx_word' id='word_1_14' title='bbox 177 617 349 702; x_wconf 87' lang='lat' dir='ltr'><strong>trahebat),</strong></span> <span class='ocrx_word' id='word_1_15' title='bbox 368 633 471 697; x_wconf 86' lang='lat' dir='ltr'><strong>paene</strong></span> <span class='ocrx_word' id='word_1_16' title='bbox 490 614 678 677; x_wconf 72' lang='lat' dir='ltr'><strong>exitiabilem</strong></span> <span class='ocrx_word' id='word_1_17' title='bbox 696 614 839 676; x_wconf 88' lang='lat' dir='ltr'><strong>omuibus</strong></span> <span class='ocrx_word' id='word_1_18' title='bbox 858 615 979 677; x_wconf 87' lang='lat' dir='ltr'><strong>cladem</strong></span> <span class='ocrx_word' id='word_1_19' title='bbox 1002 615 1109 680; x_wconf 88' lang='lat' dir='ltr'><strong>intulit.</strong></span> <span class='ocrx_word' id='word_1_20' title='bbox 1145 621 1233 684; x_wconf 77' lang='lat' dir='ltr'><strong>lt&#39;usa</strong></span> 
     </span>
     <span class='ocr_line' id='line_1_4' title="bbox 176 703 1234 802; baseline 0.004 -22"><span class='ocrx_word' id='word_1_21' title='bbox 176 719 333 800; x_wconf 75' lang='lat' dir='ltr'><strong>regionum</strong></span> <span class='ocrx_word' id='word_1_22' title='bbox 347 716 505 797; x_wconf 81' lang='lat' dir='ltr'><strong>equestris</strong></span> <span class='ocrx_word' id='word_1_23' title='bbox 518 716 623 796; x_wconf 89' lang='lat' dir='ltr'><strong>acies,</strong></span> <span class='ocrx_word' id='word_1_24' title='bbox 641 714 769 793; x_wconf 77' lang='lat' dir='ltr'><strong>iugatae</strong></span> <span class='ocrx_word' id='word_1_25' title='bbox 789 716 876 802; x_wconf 88' lang='lat' dir='ltr'><strong>alae,</strong></span> <span class='ocrx_word' id='word_1_26' title='bbox 895 733 1072 780; x_wconf 86' lang='lat' dir='ltr'><strong>conversae</strong></span> <span class='ocrx_word' id='word_1_27' title='bbox 1088 703 1234 784; x_wconf 85' lang='lat' dir='ltr'><strong>cobortes</strong></span> 
     </span>
     <span class='ocr_line' id='line_1_5' title="bbox 176 814 1234 899; baseline 0.004 -19"><span class='ocrx_word' id='word_1_28' title='bbox 176 827 263 899; x_wconf 81' lang='lat' dir='ltr'><strong>suut3</strong></span> <span class='ocrx_word' id='word_1_29' title='bbox 289 814 372 896; x_wconf 84' lang='lat' dir='ltr'><strong>apud</strong></span> <span class='ocrx_word' id='word_1_30' title='bbox 394 814 487 894; x_wconf 80' lang='lat' dir='ltr'><strong>signa</strong></span> <span class='ocrx_word' id='word_1_31' title='bbox 514 833 638 897; x_wconf 90' lang='lat' dir='ltr'><strong>quoquc</strong></span> <span class='ocrx_word' id='word_1_32' title='bbox 658 814 817 897; x_wconf 82' lang='lat' dir='ltr'><strong>legionum</strong></span> <span class='ocrx_word' id='word_1_33' title='bbox 839 818 1034 898; x_wconf 82' lang='lat' dir='ltr'><strong>trepidatum.</strong></span> <span class='ocrx_word' id='word_1_34' title='bbox 1074 819 1142 882; x_wconf 85' lang='lat' dir='ltr'><strong>Sed</strong></span> <span class='ocrx_word' id='word_1_35' title='bbox 1163 820 1234 884; x_wconf 77' lang='lat' dir='ltr'><strong>llo-</strong></span> 
     </span>
     <span class='ocr_line' id='line_1_6' title="bbox 171 913 1235 1006; baseline 0.004 -27"><span class='ocrx_word' id='word_1_36' title='bbox 171 916 259 979; x_wconf 90' lang='lat' dir='ltr'><strong>mani</strong></span> <span class='ocrx_word' id='word_1_37' title='bbox 288 914 389 976; x_wconf 88' lang='lat' dir='ltr'><strong>virtus</strong></span> <span class='ocrx_word' id='word_1_38' title='bbox 418 913 523 976; x_wconf 91' lang='lat' dir='ltr'><strong>militis</strong></span> <span class='ocrx_word' id='word_1_39' title='bbox 548 914 620 996; x_wconf 90' lang='lat' dir='ltr'><strong>plus</strong></span> <span class='ocrx_word' id='word_1_40' title='bbox 651 933 691 978; x_wconf 92' lang='lat' dir='ltr'><strong>eo</strong></span> <span class='ocrx_word' id='word_1_41' title='bbox 718 913 859 997; x_wconf 86' lang='lat' dir='ltr'><strong>temporo</strong></span> <span class='ocrx_word' id='word_1_42' title='bbox 890 918 1064 981; x_wconf 73' lang='lat' dir='ltr'><strong>vindicavit</strong></span> <span class='ocrx_word' id='word_1_43' title='bbox 1098 922 1235 1006; x_wconf 81' lang='lat' dir='ltr'><strong>gloriae,</strong></span> 
     </span>
     <span class='ocr_line' id='line_1_7' title="bbox 171 1011 1235 1102; baseline 0.007 -23"><span class='ocrx_word' id='word_1_44' title='bbox 171 1027 267 1100; x_wconf 87' lang='lat' dir='ltr'><strong>quam</strong></span> <span class='ocrx_word' id='word_1_45' title='bbox 288 1011 421 1076; x_wconf 88' lang='lat' dir='ltr'><strong>ducibus</strong></span> <span class='ocrx_word' id='word_1_46' title='bbox 443 1014 582 1097; x_wconf 86' lang='lat' dir='ltr'><strong>reliquit:</strong></span> <span class='ocrx_word' id='word_1_47' title='bbox 613 1016 681 1101; x_wconf 92' lang='lat' dir='ltr'><strong>qui,</strong></span> <span class='ocrx_word' id='word_1_48' title='bbox 709 1019 837 1080; x_wconf 90' lang='lat' dir='ltr'><strong>multum</strong></span> <span class='ocrx_word' id='word_1_49' title='bbox 861 1036 880 1080; x_wconf 89' lang='lat' dir='ltr'><strong>o</strong></span> <span class='ocrx_word' id='word_1_50' title='bbox 902 1038 990 1083; x_wconf 90' lang='lat' dir='ltr'><strong>mora</strong></span> <span class='ocrx_word' id='word_1_51' title='bbox 1017 1021 1235 1102; x_wconf 88' lang='lat' dir='ltr'><strong>imperatorum</strong></span> 
     </span>
     <span class='ocr_line' id='line_1_8' title="bbox 173 1117 1233 1206; baseline 0.006 -26"><span class='ocrx_word' id='word_1_52' title='bbox 173 1117 408 1199; x_wconf 75' lang='lat' dir='ltr'><strong>discrepantes,</strong></span> <span class='ocrx_word' id='word_1_53' title='bbox 427 1124 499 1180; x_wconf 83' lang='lat' dir='ltr'><strong>aute</strong></span> <span class='ocrx_word' id='word_1_54' title='bbox 517 1117 549 1180; x_wconf 94' lang='lat' dir='ltr'><strong>in</strong></span> <span class='ocrx_word' id='word_1_55' title='bbox 567 1118 690 1182; x_wconf 85' lang='lat' dir='ltr'><strong>hostem</strong></span> <span class='ocrx_word' id='word_1_56' title='bbox 711 1118 887 1182; x_wconf 86' lang='lat' dir='ltr'><strong>inciderunt</strong></span> <span class='ocrx_word' id='word_1_57' title='bbox 906 1140 999 1204; x_wconf 89' lang='lat' dir='ltr'><strong>quam</strong></span> <span class='ocrx_word' id='word_1_58' title='bbox 1015 1140 1073 1203; x_wconf 91' lang='lat' dir='ltr'><strong>per</strong></span> <span class='ocrx_word' id='word_1_59' title='bbox 1085 1124 1233 1206; x_wconf 75' lang='lat' dir='ltr'><strong>explora-</strong></span> 
     </span>
     <span class='ocr_line' id='line_1_9' title="bbox 173 1216 1233 1306; baseline 0.005 -24"><span class='ocrx_word' id='word_1_60' title='bbox 173 1227 277 1293; x_wconf 82' lang='lat' dir='ltr'><strong>tores,</strong></span> <span class='ocrx_word' id='word_1_61' title='bbox 298 1216 348 1279; x_wconf 92' lang='lat' dir='ltr'><strong>ubi</strong></span> <span class='ocrx_word' id='word_1_62' title='bbox 368 1216 504 1298; x_wconf 90' lang='lat' dir='ltr'><strong>[hostis]</strong></span> <span class='ocrx_word' id='word_1_63' title='bbox 524 1228 630 1304; x_wconf 87' lang='lat' dir='ltr'><strong>esset,</strong></span> <span class='ocrx_word' id='word_1_64' title='bbox 650 1231 893 1301; x_wconf 78' lang='lat' dir='ltr'><strong>cognoscerent.</strong></span> <span class='ocrx_word' id='word_1_65' title='bbox 931 1223 1004 1284; x_wconf 86' lang='lat' dir='ltr'><strong>Jaru</strong></span> <span class='ocrx_word' id='word_1_66' title='bbox 1018 1224 1112 1306; x_wconf 87' lang='lat' dir='ltr'><strong>igitur</strong></span> <span class='ocrx_word' id='word_1_67' title='bbox 1126 1225 1159 1285; x_wconf 93' lang='lat' dir='ltr'><strong>iu</strong></span> <span class='ocrx_word' id='word_1_68' title='bbox 1172 1225 1233 1288; x_wconf 86' lang='lat' dir='ltr'><strong>du-</strong></span> 
     </span>
     <span class='ocr_line' id='line_1_10' title="bbox 173 1319 1233 1407; baseline 0.007 -26"><span class='ocrx_word' id='word_1_69' title='bbox 173 1320 232 1382; x_wconf 78' lang='lat' dir='ltr'><strong>aas</strong></span> <span class='ocrx_word' id='word_1_70' title='bbox 246 1319 341 1394; x_wconf 79' lang='lat' dir='ltr'><strong>rebus</strong></span> <span class='ocrx_word' id='word_1_71' title='bbox 350 1321 542 1402; x_wconf 80' lang='lat' dir='ltr'><strong>semetipsas</strong></span> <span class='ocrx_word' id='word_1_72' title='bbox 557 1319 703 1402; x_wconf 81' lang='lat' dir='ltr'><strong>legiones</strong></span> <span class='ocrx_word' id='word_1_73' title='bbox 716 1323 908 1407; x_wconf 83' lang='lat' dir='ltr'><strong>adhortatae,</strong></span> <span class='ocrx_word' id='word_1_74' title='bbox 922 1323 1075 1406; x_wconf 80' lang='lat' dir='ltr'><strong>jugulatis</strong></span> <span class='ocrx_word' id='word_1_75' title='bbox 1088 1326 1127 1386; x_wconf 91' lang='lat' dir='ltr'><strong>ab</strong></span> <span class='ocrx_word' id='word_1_76' title='bbox 1141 1326 1233 1388; x_wconf 88' lang='lat' dir='ltr'><strong>hoste</strong></span> 
     </span>
     <span class='ocr_line' id='line_1_11' title="bbox 173 1419 1310 1506; baseline 0.006 -25"><span class='ocrx_word' id='word_1_77' title='bbox 173 1419 356 1503; x_wconf 88' lang='lat' dir='ltr'><strong>quibusdam</strong></span> <span class='ocrx_word' id='word_1_78' title='bbox 374 1421 504 1484; x_wconf 90' lang='lat' dir='ltr'><strong>tn&#39;buuis</strong></span> <span class='ocrx_word' id='word_1_79' title='bbox 522 1423 660 1506; x_wconf 90' lang='lat' dir='ltr'><strong>militum,</strong></span> <span class='ocrx_word' id='word_1_80' title='bbox 679 1423 864 1503; x_wconf 91' lang='lat' dir='ltr'><strong>interempto</strong></span> <span class='ocrx_word' id='word_1_81' title='bbox 880 1423 1042 1504; x_wconf 88' lang='lat' dir='ltr'><strong>praefecto</strong></span> <span class='ocrx_word' id='word_1_82' title='bbox 1060 1433 1233 1488; x_wconf 86' lang='lat' dir='ltr'><strong>castrorum</strong></span> <span class='ocrx_word' id='word_1_83' title='bbox 1306 1435 1310 1442; x_wconf 89' lang='lat'>&#39;</span> 
     </span>
     <span class='ocr_line' id='line_1_12' title="bbox 170 1522 1233 1612; baseline 0.003 -27"><span class='ocrx_word' id='word_1_84' title='bbox 170 1522 404 1606; x_wconf 73' lang='lat' dir='ltr'><strong>praefectisque</strong></span> <span class='ocrx_word' id='word_1_85' title='bbox 434 1523 620 1608; x_wconf 85' lang='lat' dir='ltr'><strong>cohortium,</strong></span> <span class='ocrx_word' id='word_1_86' title='bbox 650 1541 714 1587; x_wconf 92' lang='lat' dir='ltr'><strong>uec</strong></span> <span class='ocrx_word' id='word_1_87' title='bbox 735 1524 966 1586; x_wconf 81' lang='lat' dir='ltr'><strong>centurionibus</strong></span> <span class='ocrx_word' id='word_1_88' title='bbox 991 1526 1180 1612; x_wconf 88' lang='lat' dir='ltr'><strong>incruentis,</strong></span> <span class='ocrx_word' id='word_1_89' title='bbox 1212 1543 1233 1588; x_wconf 85' lang='lat' dir='ltr'><strong>a</strong></span> 
     </span>
     <span class='ocr_line' id='line_1_13' title="bbox 172 1623 1232 1709; baseline 0.003 -22"><span class='ocrx_word' id='word_1_90' title='bbox 172 1625 284 1707; x_wconf 87' lang='lat' dir='ltr'><strong>quibus</strong></span> <span class='ocrx_word' id='word_1_91' title='bbox 304 1626 397 1688; x_wconf 89' lang='lat' dir='ltr'><strong>etiam</strong></span> <span class='ocrx_word' id='word_1_92' title='bbox 415 1623 650 1706; x_wconf 85' lang='lat' dir='ltr'><strong>primicrdines</strong></span> <span class='ocrx_word' id='word_1_93' title='bbox 672 1625 830 1709; x_wconf 88' lang='lat' dir='ltr'><strong>cecidere,</strong></span> <span class='ocrx_word' id='word_1_94' title='bbox 850 1626 998 1688; x_wconf 84' lang='lat' dir='ltr'><strong>invasere</strong></span> <span class='ocrx_word' id='word_1_95' title='bbox 1021 1628 1150 1708; x_wconf 76' lang='lat' dir='ltr'><strong>hostes,</strong></span> <span class='ocrx_word' id='word_1_96' title='bbox 1169 1645 1232 1690; x_wconf 89' lang='lat' dir='ltr'><strong>nec</strong></span> 
     </span>
     <span class='ocr_line' id='line_1_14' title="bbox 172 1724 1231 1808; baseline 0.004 -22"><span class='ocrx_word' id='word_1_97' title='bbox 172 1725 362 1788; x_wconf 75' lang='lat' dir='ltr'><strong>sustinuisse</strong></span> <span class='ocrx_word' id='word_1_98' title='bbox 393 1724 545 1808; x_wconf 88' lang='lat' dir='ltr'><strong>contenti,</strong></span> <span class='ocrx_word' id='word_1_99' title='bbox 582 1735 729 1806; x_wconf 88' lang='lat' dir='ltr'><strong>perrupta</strong></span> <span class='ocrx_word' id='word_1_100' title='bbox 757 1745 865 1789; x_wconf 88' lang='lat' dir='ltr'><strong>eorum</strong></span> <span class='ocrx_word' id='word_1_101' title='bbox 894 1725 965 1790; x_wconf 87' lang='lat' dir='ltr'><strong>acic</strong></span> <span class='ocrx_word' id='word_1_102' title='bbox 997 1745 1040 1790; x_wconf 90' lang='lat' dir='ltr'><strong>ex</strong></span> <span class='ocrx_word' id='word_1_103' title='bbox 1072 1729 1231 1808; x_wconf 85' lang='lat' dir='ltr'><strong>insperato</strong></span> 
     </span>
     <span class='ocr_line' id='line_1_15' title="bbox 168 1815 1231 1912; baseline 0.002 -25"><span class='ocrx_word' id='word_1_104' title='bbox 168 1825 332 1888; x_wconf 85' lang='lat' dir='ltr'><strong>victoriam</strong></span> <span class='ocrx_word' id='word_1_105' title='bbox 356 1825 606 1889; x_wconf 85' lang='lat' dir='ltr'><strong>vindicaverunt.</strong></span> <span class='ocrx_word' id='word_1_106' title='bbox 643 1826 716 1887; x_wconf 87' lang='lat' dir='ltr'><strong>Hoc</strong></span> <span class='ocrx_word' id='word_1_107' title='bbox 734 1825 803 1888; x_wconf 84' lang='lat' dir='ltr'><strong>iere</strong></span> <span class='ocrx_word' id='word_1_108' title='bbox 824 1835 966 1908; x_wconf 89' lang='lat' dir='ltr'><strong>tempore</strong></span> <span class='ocrx_word' id='word_1_109' title='bbox 985 1827 1145 1912; x_wconf 80' lang='lat' dir='ltr'><strong>Agrippa,</strong></span> <span class='ocrx_word' id='word_1_110' title='bbox 1178 1815 1231 1910; x_wconf 85' lang='lat' dir='ltr'><strong>qui</strong></span> 
     </span>
     <span class='ocr_line' id='line_1_16' title="bbox 170 1925 1229 2011; baseline 0.006 -25"><span class='ocrx_word' id='word_1_111' title='bbox 170 1925 284 1988; x_wconf 88' lang='lat' dir='ltr'><strong>ecdem</strong></span> <span class='ocrx_word' id='word_1_112' title='bbox 306 1925 374 2011; x_wconf 87' lang='lat' dir='ltr'><strong>die,</strong></span> <span class='ocrx_word' id='word_1_113' title='bbox 406 1943 468 2008; x_wconf 91' lang='lat' dir='ltr'><strong>quo</strong></span> <span class='ocrx_word' id='word_1_114' title='bbox 490 1925 650 2009; x_wconf 71' lang='lat' dir='ltr'><strong>Tiberius,</strong></span> <span class='ocrx_word' id='word_1_115' title='bbox 678 1927 843 2005; x_wconf 81' lang='lat' dir='ltr'><strong>adoptatus</strong></span> <span class='ocrx_word' id='word_1_116' title='bbox 869 1927 992 1990; x_wconf 87' lang='lat' dir='ltr'><strong>abavo</strong></span> <span class='ocrx_word' id='word_1_117' title='bbox 1021 1946 1081 1990; x_wconf 90' lang='lat' dir='ltr'><strong>suc</strong></span> <span class='ocrx_word' id='word_1_118' title='bbox 1099 1930 1229 1992; x_wconf 71' lang='lat' dir='ltr'><strong>nonnata</strong></span> 
     </span>
     <span class='ocr_line' id='line_1_17' title="bbox 170 2026 1228 2111; baseline 0.004 -23"><span class='ocrx_word' id='word_1_119' title='bbox 170 2036 255 2110; x_wconf 90' lang='lat' dir='ltr'><strong>erat,</strong></span> <span class='ocrx_word' id='word_1_120' title='bbox 283 2027 393 2110; x_wconf 82' lang='lat' dir='ltr'><strong>etjam</strong></span> <span class='ocrx_word' id='word_1_121' title='bbox 417 2037 490 2092; x_wconf 88' lang='lat' dir='ltr'><strong>aute</strong></span> <span class='ocrx_word' id='word_1_122' title='bbox 509 2026 679 2111; x_wconf 83' lang='lat' dir='ltr'><strong>biennium,</strong></span> <span class='ocrx_word' id='word_1_123' title='bbox 710 2027 811 2109; x_wconf 90' lang='lat' dir='ltr'><strong>qualis</strong></span> <span class='ocrx_word' id='word_1_124' title='bbox 833 2035 941 2108; x_wconf 86' lang='lat' dir='ltr'><strong>esset,</strong></span> <span class='ocrx_word' id='word_1_125' title='bbox 970 2043 1122 2109; x_wconf 86' lang='lat' dir='ltr'><strong>apparere</strong></span> <span class='ocrx_word' id='word_1_126' title='bbox 1148 2047 1228 2092; x_wconf 83' lang='lat' dir='ltr'><strong>coe-</strong></span> 
     </span>
     <span class='ocr_line' id='line_1_18' title="bbox 168 2128 1227 2211; baseline 0.003 -21"><span class='ocrx_word' id='word_1_127' title='bbox 168 2135 273 2211; x_wconf 90' lang='lat' dir='ltr'><strong>perat,</strong></span> <span class='ocrx_word' id='word_1_128' title='bbox 292 2128 369 2192; x_wconf 84' lang='lat' dir='ltr'><strong>mira</strong></span> <span class='ocrx_word' id='word_1_129' title='bbox 384 2130 538 2209; x_wconf 86' lang='lat' dir='ltr'><strong>pravitate</strong></span> <span class='ocrx_word' id='word_1_130' title='bbox 550 2128 643 2190; x_wconf 86' lang='lat' dir='ltr'><strong>animi</strong></span> <span class='ocrx_word' id='word_1_131' title='bbox 656 2136 750 2209; x_wconf 89' lang='lat' dir='ltr'><strong>atqua</strong></span> <span class='ocrx_word' id='word_1_132' title='bbox 767 2128 883 2208; x_wconf 80' lang='lat' dir='ltr'><strong>ingenii</strong></span> <span class='ocrx_word' id='word_1_133' title='bbox 899 2129 931 2190; x_wconf 92' lang='lat' dir='ltr'><strong>iu</strong></span> <span class='ocrx_word' id='word_1_134' title='bbox 943 2130 1125 2209; x_wconf 88' lang='lat' dir='ltr'><strong>praecipitia</strong></span> <span class='ocrx_word' id='word_1_135' title='bbox 1146 2149 1227 2193; x_wconf 88' lang='lat' dir='ltr'><strong>con-</strong></span> 
     </span>
     <span class='ocr_line' id='line_1_19' title="bbox 169 2229 1226 2313; baseline 0.001 -24"><span class='ocrx_word' id='word_1_136' title='bbox 169 2245 297 2313; x_wconf 89' lang='lat' dir='ltr'><strong>versus,</strong></span> <span class='ocrx_word' id='word_1_137' title='bbox 313 2233 411 2311; x_wconf 84' lang='lat' dir='ltr'><strong>patris</strong></span> <span class='ocrx_word' id='word_1_138' title='bbox 423 2237 518 2312; x_wconf 89' lang='lat' dir='ltr'><strong>atque</strong></span> <span class='ocrx_word' id='word_1_139' title='bbox 537 2229 681 2308; x_wconf 85' lang='lat' dir='ltr'><strong>ejusdem</strong></span> <span class='ocrx_word' id='word_1_140' title='bbox 703 2230 755 2291; x_wconf 89' lang='lat' dir='ltr'><strong>avi</strong></span> <span class='ocrx_word' id='word_1_141' title='bbox 769 2229 819 2291; x_wconf 92' lang='lat' dir='ltr'><strong>sni</strong></span> <span class='ocrx_word' id='word_1_142' title='bbox 838 2230 974 2292; x_wconf 88' lang='lat' dir='ltr'><strong>animum</strong></span> <span class='ocrx_word' id='word_1_143' title='bbox 990 2229 1138 2289; x_wconf 75' lang='lat' dir='ltr'><strong>alienavit</strong></span> <span class='ocrx_word' id='word_1_144' title='bbox 1149 2229 1226 2310; x_wconf 82' lang='lat' dir='ltr'><strong>sibi3</strong></span> 
     </span>
     <span class='ocr_line' id='line_1_20' title="bbox 168 2327 1227 2414; baseline 0.003 -25"><span class='ocrx_word' id='word_1_145' title='bbox 168 2342 321 2412; x_wconf 75' lang='lat' dir='ltr'><strong>moxque,</strong></span> <span class='ocrx_word' id='word_1_146' title='bbox 336 2330 567 2412; x_wconf 23' lang='lat' dir='ltr'><strong>,crescentibus</strong></span> <span class='ocrx_word' id='word_1_147' title='bbox 597 2329 628 2390; x_wconf 90' lang='lat' dir='ltr'><strong>in</strong></span> <span class='ocrx_word' id='word_1_148' title='bbox 654 2329 724 2391; x_wconf 87' lang='lat' dir='ltr'><strong>dies</strong></span> <span class='ocrx_word' id='word_1_149' title='bbox 752 2330 857 2414; x_wconf 89' lang='lat' dir='ltr'><strong>vitiis,</strong></span> <span class='ocrx_word' id='word_1_150' title='bbox 890 2329 1018 2409; x_wconf 83' lang='lat' dir='ltr'><strong>(lignum</strong></span> <span class='ocrx_word' id='word_1_151' title='bbox 1036 2327 1141 2391; x_wconf 86' lang='lat' dir='ltr'><strong>lurore</strong></span> <span class='ocrx_word' id='word_1_152' title='bbox 1168 2345 1227 2392; x_wconf 92' lang='lat' dir='ltr'><strong>suo</strong></span> 
     </span>
     <span class='ocr_line' id='line_1_21' title="bbox 166 2427 419 2494; baseline 0 -2"><span class='ocrx_word' id='word_1_153' title='bbox 166 2427 272 2494; x_wconf 87' lang='lat' dir='ltr'><strong>habuit</strong></span> <span class='ocrx_word' id='word_1_154' title='bbox 292 2431 419 2494; x_wconf 85' lang='lat' dir='ltr'><strong>exitum.</strong></span> 
     </span>
     <span class='ocr_line' id='line_1_22' title="bbox 82 2553 1294 2652; baseline 0.003 -39"><span class='ocrx_word' id='word_1_155' title='bbox 82 2637 89 2652; x_wconf 36' lang='grc' dir='ltr'>Ι</span> <span class='ocrx_word' id='word_1_156' title='bbox 244 2553 367 2634; x_wconf 88' lang='lat' dir='ltr'><strong>Accipe</strong></span> <span class='ocrx_word' id='word_1_157' title='bbox 379 2572 479 2639; x_wconf 91' lang='lat' dir='ltr'><strong>nunc,</strong></span> <span class='ocrx_word' id='word_1_158' title='bbox 497 2554 544 2614; x_wconf 86' lang='grc' dir='ltr'><strong>Μ.</strong></span> <span class='ocrx_word' id='word_1_159' title='bbox 562 2553 679 2638; x_wconf 91' lang='lat' dir='ltr'><strong>Vinici,</strong></span> <span class='ocrx_word' id='word_1_160' title='bbox 698 2562 815 2616; x_wconf 88' lang='lat' dir='ltr'><strong>tautum</strong></span> <span class='ocrx_word' id='word_1_161' title='bbox 830 2553 862 2617; x_wconf 95' lang='lat' dir='ltr'><strong>iu</strong></span> <span class='ocrx_word' id='word_1_162' title='bbox 878 2553 959 2616; x_wconf 90' lang='lat' dir='ltr'><strong>bello</strong></span> <span class='ocrx_word' id='word_1_163' title='bbox 978 2554 1101 2639; x_wconf 86' lang='lat' dir='ltr'><strong>(lucem,</strong></span> <span class='ocrx_word' id='word_1_164' title='bbox 1121 2571 1294 2642; x_wconf 76' lang='lat' dir='ltr'><strong>quan-113</strong></span> 
     </span>
    </p>

    <p class='ocr_par' dir='ltr' id='par_1_3' title="bbox 167 2653 1224 2743">
     <span class='ocr_line' id='line_1_23' title="bbox 167 2653 1224 2743; baseline 0 -25"><span class='ocrx_word' id='word_1_165' title='bbox 167 2664 232 2718; x_wconf 91' lang='lat' dir='ltr'><strong>tum</strong></span> <span class='ocrx_word' id='word_1_166' title='bbox 250 2655 282 2718; x_wconf 93' lang='lat' dir='ltr'><strong>in</strong></span> <span class='ocrx_word' id='word_1_167' title='bbox 300 2672 380 2736; x_wconf 91' lang='lat' dir='ltr'><strong>pace</strong></span> <span class='ocrx_word' id='word_1_168' title='bbox 399 2653 492 2716; x_wconf 87' lang='lat' dir='ltr'><strong>vides</strong></span> <span class='ocrx_word' id='word_1_169' title='bbox 514 2655 695 2737; x_wconf 88' lang='lat' dir='ltr'><strong>principem.</strong></span> <span class='ocrx_word' id='word_1_170' title='bbox 733 2656 859 2718; x_wconf 85' lang='lat' dir='ltr'><strong>Junctis</strong></span> <span class='ocrx_word' id='word_1_171' title='bbox 879 2655 1088 2743; x_wconf 86' lang='lat' dir='ltr'><strong>exercitibus,</strong></span> <span class='ocrx_word' id='word_1_172' title='bbox 1109 2657 1224 2738; x_wconf 89' lang='lat' dir='ltr'><strong>quiquo</strong></span> 
     </span>
    </p>

    <p class='ocr_par' dir='ltr' id='par_1_4' title="bbox 51 2755 1222 2945">
     <span class='ocr_line' id='line_1_24' title="bbox 51 2755 1222 2844; baseline 0.002 -26"><span class='ocrx_word' id='word_1_173' title='bbox 51 2763 64 2788; x_wconf 72' lang='lat'>⁴</span> <span class='ocrx_word' id='word_1_174' title='bbox 169 2755 228 2819; x_wconf 88' lang='lat' dir='ltr'><strong>sub</strong></span> <span class='ocrx_word' id='word_1_175' title='bbox 251 2755 393 2819; x_wconf 82' lang='lat' dir='ltr'><strong>Caesare</strong></span> <span class='ocrx_word' id='word_1_176' title='bbox 407 2755 547 2840; x_wconf 84' lang='lat' dir='ltr'><strong>fueraut,</strong></span> <span class='ocrx_word' id='word_1_177' title='bbox 567 2756 683 2839; x_wconf 88' lang='lat' dir='ltr'><strong>quique</strong></span> <span class='ocrx_word' id='word_1_178' title='bbox 704 2757 744 2818; x_wconf 91' lang='lat' dir='ltr'><strong>ad</strong></span> <span class='ocrx_word' id='word_1_179' title='bbox 760 2775 831 2819; x_wconf 91' lang='lat' dir='ltr'><strong>eum</strong></span> <span class='ocrx_word' id='word_1_180' title='bbox 847 2765 1014 2844; x_wconf 87' lang='lat' dir='ltr'><strong>venerant,</strong></span> <span class='ocrx_word' id='word_1_181' title='bbox 1034 2758 1222 2820; x_wconf 86' lang='lat' dir='ltr'><strong>contractis-</strong></span> 
     </span>
     <span class='ocr_line' id='line_1_25' title="bbox 168 2857 1222 2945; baseline 0.002 -26"><span class='ocrx_word' id='word_1_182' title='bbox 168 2875 230 2940; x_wconf 89' lang='lat' dir='ltr'><strong>que</strong></span> <span class='ocrx_word' id='word_1_183' title='bbox 255 2859 288 2920; x_wconf 92' lang='lat' dir='ltr'><strong>iu</strong></span> <span class='ocrx_word' id='word_1_184' title='bbox 315 2875 378 2920; x_wconf 88' lang='lat' dir='ltr'><strong>una</strong></span> <span class='ocrx_word' id='word_1_185' title='bbox 407 2867 510 2940; x_wconf 80' lang='lat' dir='ltr'><strong>castra</strong></span> <span class='ocrx_word' id='word_1_186' title='bbox 535 2857 647 2922; x_wconf 86' lang='lat' dir='ltr'><strong>decem</strong></span> <span class='ocrx_word' id='word_1_187' title='bbox 669 2859 861 2945; x_wconf 77' lang='lat' dir='ltr'><strong>legionibus,</strong></span> <span class='ocrx_word' id='word_1_188' title='bbox 888 2859 982 2921; x_wconf 78' lang='lat' dir='ltr'><strong>LXX</strong></span> <span class='ocrx_word' id='word_1_189' title='bbox 1009 2859 1141 2939; x_wconf 90' lang='lat' dir='ltr'><strong>amplius</strong></span> <span class='ocrx_word' id='word_1_190' title='bbox 1163 2877 1222 2921; x_wconf 89' lang='lat' dir='ltr'><strong>co·</strong></span> 
     </span>
    </p>
   </div>
   <div class='ocr_carea' id='block_1_3' title="bbox 166 3113 1275 4241">
    <p class='ocr_par' dir='ltr' id='par_1_5' title="bbox 166 3113 1275 4241">
     <span class='ocr_line' id='line_1_26' title="bbox 167 3113 1222 3187; baseline -0.003 -17"><span class='ocrx_word' id='word_1_191' title='bbox 167 3120 246 3187; x_wconf 77' lang='lat' dir='ltr'><strong>ipae,</strong></span> <span class='ocrx_word' id='word_1_192' title='bbox 263 3129 314 3167; x_wconf 86' lang='lat' dir='ltr'><strong>sua</strong></span> <span class='ocrx_word' id='word_1_193' title='bbox 332 3121 443 3180; x_wconf 81' lang='lat' dir='ltr'><strong>sponte3</strong></span> <span class='ocrx_word' id='word_1_194' title='bbox 471 3120 615 3180; x_wconf 84' lang='lat' dir='ltr'><strong>ltldemque</strong></span> <span class='ocrx_word' id='word_1_195' title='bbox 633 3117 723 3168; x_wconf 78' lang='lat' dir='ltr'><strong>Pleutl</strong></span> <span class='ocrx_word' id='word_1_196' title='bbox 742 3118 819 3167; x_wconf 80' lang='lat' dir='ltr'><strong>codd.</strong></span> <span class='ocrx_word' id='word_1_197' title='bbox 840 3118 920 3166; x_wconf 76' lang='lat' dir='ltr'><strong>&#39;fruc</strong></span> <span class='ocrx_word' id='word_1_198' title='bbox 938 3113 1021 3164; x_wconf 52' lang='grc' dir='ltr'><strong>ΜΛ</strong></span> <span class='ocrx_word' id='word_1_199' title='bbox 1045 3127 1130 3180; x_wconf 85' lang='lat' dir='ltr'><strong>neque</strong></span> <span class='ocrx_word' id='word_1_200' title='bbox 1148 3113 1222 3167; x_wconf 80' lang='lat' dir='ltr'><strong>istuc</strong></span> 
     </span>
     <span class='ocr_line' id='line_1_27' title="bbox 166 3202 1251 3274; baseline -0.004 -15"><span class='ocrx_word' id='word_1_201' title='bbox 166 3208 197 3259; x_wconf 79' lang='lat' dir='ltr'><strong>ia</strong></span> <span class='ocrx_word' id='word_1_202' title='bbox 208 3219 238 3258; x_wconf 83' lang='lat' dir='ltr'><strong>se</strong></span> <span class='ocrx_word' id='word_1_203' title='bbox 254 3206 354 3272; x_wconf 78' lang='lat' dir='ltr'><strong>pessit,</strong></span> <span class='ocrx_word' id='word_1_204' title='bbox 370 3219 421 3268; x_wconf 90' lang='lat' dir='ltr'><strong>pro</strong></span> <span class='ocrx_word' id='word_1_205' title='bbox 436 3205 503 3274; x_wconf 82' lang='lat' dir='ltr'><strong>ipae,</strong></span> <span class='ocrx_word' id='word_1_206' title='bbox 521 3207 591 3268; x_wconf 83' lang='lat' dir='ltr'><strong>quau</strong></span> <span class='ocrx_word' id='word_1_207' title='bbox 611 3206 720 3269; x_wconf 76' lang='lat' dir='ltr'><strong>Lipsius</strong></span> <span class='ocrx_word' id='word_1_208' title='bbox 736 3205 864 3266; x_wconf 79' lang='lat' dir='ltr'><strong>reposuit</strong></span> <span class='ocrx_word' id='word_1_209' title='bbox 882 3202 951 3254; x_wconf 70' lang='lat' dir='ltr'><strong>nibil</strong></span> <span class='ocrx_word' id='word_1_210' title='bbox 965 3204 1139 3266; x_wconf 80' lang='lat' dir='ltr'><strong>reponerent.</strong></span> <span class='ocrx_word' id='word_1_211' title='bbox 1159 3205 1178 3252; x_wconf 86' lang='lat' dir='ltr'><strong>l.</strong></span> <span class='ocrx_word' id='word_1_212' title='bbox 1194 3217 1219 3256; x_wconf 86' lang='lat' dir='ltr'><strong>a.</strong></span> <span class='ocrx_word' id='word_1_213' title='bbox 1246 3259 1251 3262; x_wconf 73' lang='grc'><strong>,</strong></span> 
     </span>
     <span class='ocr_line' id='line_1_28' title="bbox 167 3290 1220 3358; baseline -0.003 -13"><span class='ocrx_word' id='word_1_214' title='bbox 167 3290 281 3358; x_wconf 86' lang='lat' dir='ltr'><strong>tnjurias</strong></span> <span class='ocrx_word' id='word_1_215' title='bbox 293 3293 386 3343; x_wconf 84' lang='lat' dir='ltr'><strong>illatas</strong></span> <span class='ocrx_word' id='word_1_216' title='bbox 400 3295 469 3344; x_wconf 85' lang='lat' dir='ltr'><strong>baud</strong></span> <span class='ocrx_word' id='word_1_217' title='bbox 483 3295 661 3344; x_wconf 87' lang='lat' dir='ltr'><strong>vindicarent.</strong></span> <span class='ocrx_word' id='word_1_218' title='bbox 678 3316 714 3330; x_wconf 91' lang='lat'><strong>—·</strong></span> <span class='ocrx_word' id='word_1_219' title='bbox 728 3291 891 3357; x_wconf 80' lang='lat' dir='ltr'><strong>proposita,</strong></span> <span class='ocrx_word' id='word_1_220' title='bbox 911 3294 1035 3352; x_wconf 85' lang='lat' dir='ltr'><strong>tauquam</strong></span> <span class='ocrx_word' id='word_1_221' title='bbox 1048 3293 1140 3353; x_wconf 77' lang='lat' dir='ltr'><strong>preda</strong></span> <span class='ocrx_word' id='word_1_222' title='bbox 1154 3303 1220 3342; x_wconf 87' lang='lat' dir='ltr'><strong>ver-</strong></span> 
     </span>
     <span class='ocr_line' id='line_1_29' title="bbox 167 3380 1218 3445; baseline -0.006 -10"><span class='ocrx_word' id='word_1_223' title='bbox 167 3386 230 3435; x_wconf 86' lang='lat' dir='ltr'><strong>bum</strong></span> <span class='ocrx_word' id='word_1_224' title='bbox 248 3383 425 3445; x_wconf 86' lang='lat' dir='ltr'><strong>exqulsttum,</strong></span> <span class='ocrx_word' id='word_1_225' title='bbox 441 3383 486 3430; x_wconf 85' lang='lat' dir='ltr'><strong>out</strong></span> <span class='ocrx_word' id='word_1_226' title='bbox 504 3393 572 3432; x_wconf 88' lang='lat' dir='ltr'><strong>cave</strong></span> <span class='ocrx_word' id='word_1_227' title='bbox 585 3384 734 3445; x_wconf 84' lang='lat' dir='ltr'><strong>anteponas</strong></span> <span class='ocrx_word' id='word_1_228' title='bbox 754 3394 771 3430; x_wconf 88' lang='lat' dir='ltr'><strong>a</strong></span> <span class='ocrx_word' id='word_1_229' title='bbox 789 3381 883 3442; x_wconf 81' lang='lat' dir='ltr'><strong>Lipsiu</strong></span> <span class='ocrx_word' id='word_1_230' title='bbox 905 3380 1114 3430; x_wconf 84' lang='lat' dir='ltr'><strong>commendatum</strong></span> <span class='ocrx_word' id='word_1_231' title='bbox 1133 3391 1218 3442; x_wconf 80' lang='lat' dir='ltr'><strong>oppo-</strong></span> 
     </span>
     <span class='ocr_line' id='line_1_30' title="bbox 170 3467 1217 3535; baseline -0.009 -12"><span class='ocrx_word' id='word_1_232' title='bbox 170 3471 235 3524; x_wconf 79' lang='lat' dir='ltr'><strong>site.</strong></span> <span class='ocrx_word' id='word_1_233' title='bbox 252 3493 288 3505; x_wconf 89' lang='lat'><strong>-</strong></span> <span class='ocrx_word' id='word_1_234' title='bbox 302 3471 341 3520; x_wconf 77' lang='lat' dir='ltr'><strong>ed</strong></span> <span class='ocrx_word' id='word_1_235' title='bbox 356 3468 511 3520; x_wconf 78' lang='lat' dir='ltr'><strong>arbitrium.</strong></span> <span class='ocrx_word' id='word_1_236' title='bbox 527 3469 626 3532; x_wconf 82' lang='lat' dir='ltr'><strong>vulgo:</strong></span> <span class='ocrx_word' id='word_1_237' title='bbox 641 3472 670 3521; x_wconf 89' lang='lat' dir='ltr'><strong>et</strong></span> <span class='ocrx_word' id='word_1_238' title='bbox 681 3471 721 3520; x_wconf 76' lang='lat' dir='ltr'><strong>aa</strong></span> <span class='ocrx_word' id='word_1_239' title='bbox 738 3470 814 3535; x_wconf 77' lang='lat' dir='ltr'><strong>arb,</strong></span> <span class='ocrx_word' id='word_1_240' title='bbox 830 3467 928 3530; x_wconf 87' lang='lat' dir='ltr'><strong>copula</strong></span> <span class='ocrx_word' id='word_1_241' title='bbox 938 3467 1035 3516; x_wconf 88' lang='lat' dir='ltr'><strong>iuuttlt.</strong></span> <span class='ocrx_word' id='word_1_242' title='bbox 1053 3489 1089 3504; x_wconf 87' lang='lat'><em>-</em></span> <span class='ocrx_word' id='word_1_243' title='bbox 1107 3467 1217 3516; x_wconf 70' lang='lat' dir='ltr'><strong>inem-</strong></span> 
     </span>
     <span class='ocr_line' id='line_1_31' title="bbox 170 3554 1217 3610; baseline -0.011 0"><span class='ocrx_word' id='word_1_244' title='bbox 170 3563 220 3610; x_wconf 79' lang='lat' dir='ltr'><strong>tec.</strong></span> <span class='ocrx_word' id='word_1_245' title='bbox 235 3559 320 3610; x_wconf 85' lang='lat' dir='ltr'><strong>liber:</strong></span> <span class='ocrx_word' id='word_1_246' title='bbox 336 3557 366 3608; x_wconf 77' lang='lat' dir='ltr'><strong>in</strong></span> <span class='ocrx_word' id='word_1_247' title='bbox 375 3559 478 3608; x_wconf 73' lang='lat' dir='ltr'><strong>-tem</strong></span> <span class='ocrx_word' id='word_1_248' title='bbox 494 3559 613 3607; x_wconf 84' lang='lat' dir='ltr'><strong>correxit</strong></span> <span class='ocrx_word' id='word_1_249' title='bbox 626 3557 775 3608; x_wconf 79' lang='lat' dir='ltr'><strong>Acidaliae.</strong></span> <span class='ocrx_word' id='word_1_250' title='bbox 786 3581 821 3590; x_wconf 95' lang='lat'>—</span> <span class='ocrx_word' id='word_1_251' title='bbox 834 3556 1064 3608; x_wconf 77' lang='lat' dir='ltr'><strong>vindioaea&#39;tbene</strong></span> <span class='ocrx_word' id='word_1_252' title='bbox 1073 3554 1217 3602; x_wconf 81' lang='lat' dir='ltr'><strong>Puteanus.</strong></span> 
     </span>
     <span class='ocr_line' id='line_1_32' title="bbox 169 3639 1217 3708; baseline -0.01 -10"><span class='ocrx_word' id='word_1_253' title='bbox 169 3640 468 3698; x_wconf 61' lang='lat' dir='ltr'><strong>tetrametrum-</strong></span> <span class='ocrx_word' id='word_1_254' title='bbox 496 3658 617 3696; x_wconf 79' lang='lat' dir='ltr'><strong>amora.</strong></span> <span class='ocrx_word' id='word_1_255' title='bbox 640 3647 757 3708; x_wconf 85' lang='lat' dir='ltr'><strong>pessime</strong></span> <span class='ocrx_word' id='word_1_256' title='bbox 773 3644 858 3694; x_wconf 90' lang='lat' dir='ltr'><strong>liber:</strong></span> <span class='ocrx_word' id='word_1_257' title='bbox 885 3657 989 3696; x_wconf 83' lang='lat' dir='ltr'><strong>umore.</strong></span> <span class='ocrx_word' id='word_1_258' title='bbox 1004 3639 1146 3692; x_wconf 80' lang='lat' dir='ltr'><strong>cessabant</strong></span> <span class='ocrx_word' id='word_1_259' title='bbox 1164 3639 1217 3688; x_wconf 85' lang='lat' dir='ltr'><strong>lm·</strong></span> 
     </span>
     <span class='ocr_line' id='line_1_33' title="bbox 167 3725 1227 3800; baseline -0.008 -15"><span class='ocrx_word' id='word_1_260' title='bbox 167 3737 324 3800; x_wconf 62' lang='lat' dir='ltr'><strong>perstarem</strong></span> <span class='ocrx_word' id='word_1_261' title='bbox 341 3733 420 3783; x_wconf 78' lang='lat' dir='ltr'><strong>nolles</strong></span> <span class='ocrx_word' id='word_1_262' title='bbox 439 3745 494 3783; x_wconf 91' lang='lat' dir='ltr'><strong>uon</strong></span> <span class='ocrx_word' id='word_1_263' title='bbox 510 3735 642 3784; x_wconf 84' lang='lat' dir='ltr'><strong>cessabat.</strong></span> <span class='ocrx_word' id='word_1_264' title='bbox 660 3735 725 3784; x_wconf 88' lang='lat' dir='ltr'><strong>ttem</strong></span> <span class='ocrx_word' id='word_1_265' title='bbox 743 3730 814 3782; x_wconf 89' lang='lat' dir='ltr'><strong>male</strong></span> <span class='ocrx_word' id='word_1_266' title='bbox 830 3732 933 3796; x_wconf 82' lang='lat' dir='ltr'><strong>legitur</strong></span> <span class='ocrx_word' id='word_1_267' title='bbox 949 3725 1137 3794; x_wconf 75' lang='lat' dir='ltr'><strong>imperatoris,</strong></span> <span class='ocrx_word' id='word_1_268' title='bbox 1156 3737 1227 3788; x_wconf 55' lang='lat' dir='ltr'><strong>cum,</strong></span> 
     </span>
     <span class='ocr_line' id='line_1_34' title="bbox 167 3806 1213 3886; baseline -0.01 -12"><span class='ocrx_word' id='word_1_269' title='bbox 167 3826 220 3874; x_wconf 77' lang='lat' dir='ltr'><strong>aluo</strong></span> <span class='ocrx_word' id='word_1_270' title='bbox 243 3823 345 3872; x_wconf 87' lang='lat' dir='ltr'><strong>tuertut</strong></span> <span class='ocrx_word' id='word_1_271' title='bbox 366 3822 556 3885; x_wconf 62' lang='lat' dir='ltr'><strong>imperatorem</strong></span> <span class='ocrx_word' id='word_1_272' title='bbox 586 3824 615 3872; x_wconf 88' lang='lat' dir='ltr'><strong>et</strong></span> <span class='ocrx_word' id='word_1_273' title='bbox 629 3806 680 3872; x_wconf 65' lang='lat' dir='ltr'><strong>&#39;uti</strong></span> <span class='ocrx_word' id='word_1_274' title='bbox 705 3824 850 3886; x_wconf 77' lang='lat' dir='ltr'><strong>crepantes</strong></span> <span class='ocrx_word' id='word_1_275' title='bbox 872 3833 921 3882; x_wconf 91' lang='lat' dir='ltr'><strong>pro</strong></span> <span class='ocrx_word' id='word_1_276' title='bbox 946 3815 1143 3877; x_wconf 77' lang='lat' dir='ltr'><strong>discrepantes.</strong></span> <span class='ocrx_word' id='word_1_277' title='bbox 1170 3813 1213 3864; x_wconf 90' lang='lat' dir='ltr'><strong>Jo.</strong></span> 
     </span>
     <span class='ocr_line' id='line_1_35' title="bbox 167 3899 1215 3977; baseline -0.01 -15"><span class='ocrx_word' id='word_1_278' title='bbox 167 3915 236 3962; x_wconf 83' lang='lat' dir='ltr'><strong>lsae.</strong></span> <span class='ocrx_word' id='word_1_279' title='bbox 260 3912 398 3960; x_wconf 83' lang='lat' dir='ltr'><strong>Pantanus</strong></span> <span class='ocrx_word' id='word_1_280' title='bbox 416 3909 495 3959; x_wconf 83' lang='lat' dir='ltr'><strong>Auel.</strong></span> <span class='ocrx_word' id='word_1_281' title='bbox 511 3909 542 3975; x_wconf 91' lang='lat'><strong>1,</strong></span> <span class='ocrx_word' id='word_1_282' title='bbox 555 3910 596 3960; x_wconf 86' lang='lat' dir='ltr'><strong>l.:</strong></span> <span class='ocrx_word' id='word_1_283' title='bbox 623 3910 670 3977; x_wconf 82' lang='lat' dir='ltr'><strong>qui</strong></span> <span class='ocrx_word' id='word_1_284' title='bbox 689 3912 805 3960; x_wconf 84' lang='lat' dir='ltr'><strong>multum</strong></span> <span class='ocrx_word' id='word_1_285' title='bbox 829 3922 849 3958; x_wconf 85' lang='lat' dir='ltr'><strong>c</strong></span> <span class='ocrx_word' id='word_1_286' title='bbox 868 3918 946 3958; x_wconf 87' lang='lat' dir='ltr'><strong>more</strong></span> <span class='ocrx_word' id='word_1_287' title='bbox 968 3899 1147 3967; x_wconf 79' lang='lat' dir='ltr'><strong>imperatoria</strong></span> <span class='ocrx_word' id='word_1_288' title='bbox 1170 3900 1215 3952; x_wconf 74' lang='lat' dir='ltr'><strong>aaa·</strong></span> 
     </span>
     <span class='ocr_line' id='line_1_36' title="bbox 167 3977 1275 4066; baseline -0.013 -13"><span class='ocrx_word' id='word_1_289' title='bbox 167 4001 372 4066; x_wconf 64' lang='lat' dir='ltr'><strong>«lamentantes,</strong></span> <span class='ocrx_word' id='word_1_290' title='bbox 390 3977 461 4063; x_wconf 75' lang='lat' dir='ltr'><strong>quoi</strong></span> <span class='ocrx_word' id='word_1_291' title='bbox 477 3997 559 4061; x_wconf 84' lang='lat' dir='ltr'><strong>vulgo</strong></span> <span class='ocrx_word' id='word_1_292' title='bbox 580 3997 690 4062; x_wconf 78' lang='lat' dir='ltr'><strong>legitur.</strong></span> <span class='ocrx_word' id='word_1_293' title='bbox 706 4023 741 4034; x_wconf 92' lang='lat'>-</span> <span class='ocrx_word' id='word_1_294' title='bbox 764 4009 815 4047; x_wconf 77' lang='lat' dir='ltr'><strong>nec</strong></span> <span class='ocrx_word' id='word_1_295' title='bbox 835 4008 859 4044; x_wconf 88' lang='lat' dir='ltr'><strong>e.</strong></span> <span class='ocrx_word' id='word_1_296' title='bbox 872 3989 1032 4044; x_wconf 75' lang='lat' dir='ltr'><strong>incruentis.</strong></span> <span class='ocrx_word' id='word_1_297' title='bbox 1052 3987 1138 4038; x_wconf 83' lang='lat' dir='ltr'><strong>liber:</strong></span> <span class='ocrx_word' id='word_1_298' title='bbox 1157 4003 1213 4040; x_wconf 79' lang='lat' dir='ltr'><strong>aon</strong></span> <span class='ocrx_word' id='word_1_299' title='bbox 1273 4009 1275 4014; x_wconf 95' lang='lat'>·</span> 
     </span>
     <span class='ocr_line' id='line_1_37' title="bbox 167 4077 1212 4156; baseline -0.011 -17"><span class='ocrx_word' id='word_1_300' title='bbox 167 4085 236 4138; x_wconf 73' lang='lat' dir='ltr'><strong>iuer.</strong></span> <span class='ocrx_word' id='word_1_301' title='bbox 257 4090 345 4156; x_wconf 80' lang='lat' dir='ltr'><strong>reat,</strong></span> <span class='ocrx_word' id='word_1_302' title='bbox 363 4100 430 4150; x_wconf 86' lang='lat' dir='ltr'><strong>quae</strong></span> <span class='ocrx_word' id='word_1_303' title='bbox 448 4089 584 4151; x_wconf 85' lang='lat' dir='ltr'><strong>scriptura</strong></span> <span class='ocrx_word' id='word_1_304' title='bbox 595 4089 623 4138; x_wconf 88' lang='lat' dir='ltr'><strong>et</strong></span> <span class='ocrx_word' id='word_1_305' title='bbox 640 4089 726 4137; x_wconf 78' lang='lat' dir='ltr'><strong>miuus</strong></span> <span class='ocrx_word' id='word_1_306' title='bbox 743 4083 875 4134; x_wconf 88' lang='lat' dir='ltr'><strong>conotuua</strong></span> <span class='ocrx_word' id='word_1_307' title='bbox 890 4079 943 4142; x_wconf 86' lang='lat' dir='ltr'><strong>est,</strong></span> <span class='ocrx_word' id='word_1_308' title='bbox 962 4079 990 4127; x_wconf 88' lang='lat' dir='ltr'><strong>et</strong></span> <span class='ocrx_word' id='word_1_309' title='bbox 1006 4077 1114 4126; x_wconf 78' lang='lat' dir='ltr'><strong>invectu</strong></span> <span class='ocrx_word' id='word_1_310' title='bbox 1130 4090 1212 4128; x_wconf 89' lang='lat' dir='ltr'><strong>versu</strong></span> 
     </span>
     <span class='ocr_line' id='line_1_38' title="bbox 166 4166 1211 4241; baseline -0.01 -15"><span class='ocrx_word' id='word_1_311' title='bbox 166 4172 271 4225; x_wconf 78' lang='lat' dir='ltr'><strong>alcaico</strong></span> <span class='ocrx_word' id='word_1_312' title='bbox 285 4175 413 4241; x_wconf 76' lang='lat' dir='ltr'><strong>offendit,</strong></span> <span class='ocrx_word' id='word_1_313' title='bbox 443 4188 495 4238; x_wconf 89' lang='lat' dir='ltr'><strong>qua</strong></span> <span class='ocrx_word' id='word_1_314' title='bbox 521 4178 554 4225; x_wconf 80' lang='lat' dir='ltr'><strong>de</strong></span> <span class='ocrx_word' id='word_1_315' title='bbox 573 4189 605 4226; x_wconf 90' lang='lat' dir='ltr'><strong>re</strong></span> <span class='ocrx_word' id='word_1_316' title='bbox 632 4190 659 4225; x_wconf 95' lang='lat' dir='ltr'><strong>v.</strong></span> <span class='ocrx_word' id='word_1_317' title='bbox 685 4173 729 4223; x_wconf 73' lang='lat' dir='ltr'><strong>et.</strong></span> <span class='ocrx_word' id='word_1_318' title='bbox 748 4167 831 4219; x_wconf 80' lang='lat' dir='ltr'><strong>facile</strong></span> <span class='ocrx_word' id='word_1_319' title='bbox 857 4179 908 4217; x_wconf 85' lang='lat' dir='ltr'><strong>nec</strong></span> <span class='ocrx_word' id='word_1_320' title='bbox 924 4168 952 4216; x_wconf 85' lang='lat' dir='ltr'><strong>et</strong></span> <span class='ocrx_word' id='word_1_321' title='bbox 975 4178 1030 4216; x_wconf 82' lang='lat' dir='ltr'><strong>non</strong></span> <span class='ocrx_word' id='word_1_322' title='bbox 1055 4166 1211 4230; x_wconf 82' lang='lat' dir='ltr'><strong>conpendio</strong></span> 
     </span>
    </p>
   </div>
   <div class='ocr_carea' id='block_1_4' title="bbox 168 4252 1130 4382">
    <p class='ocr_par' dir='ltr' id='par_1_6' title="bbox 168 4252 1130 4382">
     <span class='ocr_line' id='line_1_39' title="bbox 168 4252 1130 4330; baseline -0.003 -23"><span class='ocrx_word' id='word_1_323' title='bbox 168 4260 272 4322; x_wconf 84' lang='lat' dir='ltr'><strong>scripta</strong></span> <span class='ocrx_word' id='word_1_324' title='bbox 282 4264 474 4328; x_wconf 84' lang='lat' dir='ltr'><strong>permutantur.</strong></span> <span class='ocrx_word' id='word_1_325' title='bbox 494 4276 557 4312; x_wconf 91' lang='lat' dir='ltr'><strong>-e</strong></span> <span class='ocrx_word' id='word_1_326' title='bbox 574 4263 669 4330; x_wconf 78' lang='lat' dir='ltr'><strong>quitur</strong></span> <span class='ocrx_word' id='word_1_327' title='bbox 680 4272 729 4324; x_wconf 92' lang='lat' dir='ltr'><strong>pro</strong></span> <span class='ocrx_word' id='word_1_328' title='bbox 748 4255 844 4322; x_wconf 82' lang='lat' dir='ltr'><strong>quibus</strong></span> <span class='ocrx_word' id='word_1_329' title='bbox 860 4253 1007 4304; x_wconf 80' lang='lat' dir='ltr'><strong>Boeclenrs</strong></span> <span class='ocrx_word' id='word_1_330' title='bbox 1024 4252 1130 4317; x_wconf 81' lang='lat' dir='ltr'><strong>alitque.</strong></span> 
     </span>
     <span class='ocr_line' id='line_1_40' title="bbox 207 4342 268 4382; baseline 0.033 -2"><span class='ocrx_word' id='word_1_331' title='bbox 207 4342 268 4382; x_wconf 71' lang='lat' dir='ltr'><strong>verr.</strong></span> 
     </span>
    </p>
   </div>
   <div class='ocr_carea' id='block_1_5' title="bbox 0 0 1500 4894">
    <p class='ocr_par' dir='ltr' id='par_1_7' title="bbox 0 0 1500 4894">
     <span class='ocr_line' id='line_1_41' title="bbox 0 0 1500 4894; baseline 0 3"><span class='ocrx_word' id='word_1_332' title='bbox 0 0 1500 4894; x_wconf 95' lang='lat' dir='ltr'><strong> </strong></span> 
     </span>
    </p>
   </div>
  </div>
 </body>
</html>
