2998 4896
268 372 337 448 :it-
507 359 510 366 ’
718 399 879 453 i'ELLEJI

271 531 449 606 tolerandas
472 544 589 607 liberae
609 544 748 630 civitati,
777 545 857 626 tulit3
892 545 965 628 quin
996 545 1087 608 etiam
1121 544 1161 624 Q.
1188 549 1334 634 Pompeji

273 643 350 706 Cos.
370 645 486 728 lilium,
514 643 714 727 eundemque
734 647 842 710 Sullae
865 663 1034 732 generum,
1062 665 1119 729 per
1155 650 1342 716 emissarios

271 744 417 808 factionis
437 765 515 810 suae
535 745 700 811 interfecit.

124 877 126 885 ι
224 860 261 924 19
296 851 299 860 ‘
348 849 428 910 'lum
444 850 531 911 Sulla
552 855 712 910 contracto
732 847 875 910 exercitu
894 849 934 909 ad
952 851 1061 912 urbem
1082 851 1182 933 rediit,
1202 873 1335 937 eantque

272 950 368 1010 armis
393 951 580 1031 occupavit3
612 949 675 1012 XII
707 957 854 1012 auctores
882 967 1034 1011 novarum
1063 953 1334 1031 pessimarumque

272 1041 404 1133 rerum,¹
425 1052 505 1113 inter
526 1047 606 1134 quos
633 1051 769 1113 Marium
794 1069 865 1113 cum
885 1049 947 1110 tilio
968 1059 1000 1111 et
1019 1049 1057 1113 Ρ.
1077 1053 1238 1135 Sulpicio,
1256 1056 1333 1125 urbe

272 1151 449 1215 exturbavit
468 1171 507 1216 ao
527 1149 601 1237 lege
624 1155 685 1217 lata
702 1143 820 1214 ¹exules
849 1149 932 1213 fecit.
972 1151 1145 1232 Sulpicium
1167 1156 1260 1217 etiam
1279 1173 1335 1217 as-

271 1251 374 1316 secuti
394 1256 519 1337 equites
542 1257 574 1318 in
597 1253 797 1318 Laurentinis
815 1251 980 1331 paludibus
995 1252 1202 1337 jugulavere3
1224 1265 1336 1337 caput·

273 1374 334 1437 que
365 1356 435 1438 ejus
461 1366 601 1418 erectum
628 1362 660 1415 et
691 1363 878 1415 ostentatum
898 1371 953 1433 pro
977 1349 1104 1414 Rostris
1131 1356 1219 1418 velut
1244 1374 1336 1418 omen

271 1454 460 1515 imminentis
480 1451 718 1533 proscriptionis
735 1452 800 1514 fuit.
841 1452 962 1514 Marius
980 1461 1053 1534 post
1070 1464 1195 1516 sextum
1215 1475 1336 1519 eonsu-

272 1554 366 1614 latum
396 1572 572 1634 annumque
600 1555 709 1638 LXX,
746 1552 849 1615 nudus
885 1573 924 1617 ae
958 1554 1030 1616 limo
1057 1556 1201 1642 obrutus,
1235 1559 1336 1620 oeulis

271 1654 482 1716 tantummodo
519 1674 558 1718 ac
587 1655 714 1717 naribus
753 1653 915 1736 eminens,
954 1664 1114 1717 extractus
1153 1655 1336 1718 arundineto

272 1755 358 1818 circa
372 1756 518 1837 paludem
534 1758 693 1840 Maricae,
712 1756 745 1818 in
765 1771 857 1838 quam
880 1773 937 1838 se,
958 1754 1085 1835 fugiens
1112 1763 1335 1819 consectantes

272 1858 380 1920 Sullae
400 1859 541 1940 equites,
561 1857 739 1942 abdiderat,
768 1855 884 1936 injecto
910 1857 940 1918 in
964 1855 1077 1919 collum
1099 1856 1182 1941 loro,
1210 1857 1241 1918 in
1262 1873 1336 1919 car-

273 1976 379 2018 oerem
406 1957 670 2017 Minturnensium
687 1956 784 2035 jussu
807 1957 960 2018 duumviri
980 1956 1152 2036 perductus
1179 1967 1239 2020 est.
1279 1958 1336 2019 Ad

273 2075 366 2140 quem
391 2057 641 2119 interficiendum
665 2051 785 2118 missus
815 2073 888 2118 cum
915 2056 1020 2137 gladio
1046 2073 1164 2118 servus
1183 2055 1336 2138 publicus,

271 2160 397 2222 natione
429 2156 628 2245 Germanus,
663 2153 716 2241 qu'i
742 2159 822 2220 forte
856 2155 911 2234 [ab
943 2157 1130 2237 imperatore
1165 2159 1220 2237 eo]
1254 2159 1337 2220 bello

273 2253 431 2324 Cimbrico
451 2269 562 2343 captus
583 2265 666 2344 erat,
685 2269 720 2322 ut
738 2258 869 2341 agnovit
891 2257 1045 2342 Marium,
1065 2277 1180 2338 magno
1211 2259 1337 2343 ejulatu,

273 2371 478 2444 expromente
497 2361 742 2446 indignationem
765 2375 862 2422 casus
886 2359 961 2421 tanti
978 2359 1054 2443 viri,
1084 2359 1207 2438 abjecto
1232 2359 1337 2438 gladio

272 2464 410 2544 profugit
430 2485 448 2526 e
469 2483 610 2526 carcere.
664 2464 744 2524 'lum
764 2462 871 2545 cives,
905 2461 944 2522 ab
958 2455 1062 2522 *hoste
1082 2460 1225 2522 misereri
1244 2459 1337 2541 paulo
1369 2487 1373 2495 Δ

273 2573 346 2623 ante
365 2564 516 2642 principis
535 2565 595 2624 viri
615 2564 716 2649 docti,
743 2565 927 2626 instructum
950 2581 1022 2624 euni
1038 2563 1174 2644 viatico,
1207 2563 1338 2625 collata-

275 2682 339 2745 que
358 2671 468 2746 veste,
487 2663 517 2722 in
538 2682 654 2724 navem
673 2665 897 2744 imposuerunt.
927 2665 971 2725 At
985 2664 1047 2744 ille3
1067 2671 1237 2723 assecutus
1251 2661 1337 2722 circa

274 2763 444 2823 Aenariam
466 2761 577 2844 tilium,
611 2779 738 2824 cursum
761 2765 793 2824 in
812 2763 953 2822 Africam
985 2760 1117 2843 direxit,
1145 2760 1335 2842 inopemque

274 2863 370 2925 vitam
390 2863 422 2925 in
449 2863 573 2945 tugurio
593 2863 749 2924 ruinarum
769 2859 1066 2940 Carthaginensium
1085 2861 1247 2942 toleravit,
1267 2877 1339 2923 cuni

274 2964 396 3026 Marius
416 2964 598 3044 adspiciens
618 2962 854 3045 Carthaginem,
873 2960 924 3022 illa
943 2961 1068 3022 intuens
1088 2957 1241 3049 Marium,
1262 2959 1339 3025 alter

275 3065 364 3125 alteri
382 3075 516 3144 possent
535 3083 612 3128 esse
632 3064 753 3127 solatio.
1380 3147 1384 3152 Ι

224 3182 266 3248 20
352 3166 423 3228 lloc
442 3168 574 3248 primum
596 3186 678 3229 anno
704 3163 859 3244 sanguine
886 3166 1025 3228 consulis
1048 3166 1181 3228 Romani
1208 3166 1335 3228 militum
1411 3223 1415 3234 ,

346 3423 389 3470 1⁰.
425 3437 579 3488 canumque
604 3427 702 3488 Voss,
732 3425 773 3488 R,
800 3427 847 3474 Kr.
874 3425 950 3475 libri:
977 3438 1111 3492 annoque.
1138 3451 1174 3462 -
1207 3429 1336 3478 eminens.

276 3515 368 3574 inepte
386 3511 469 3560 codd:
487 3509 681 3563 eminentibus.-
700 3525 788 3574 neque
806 3515 877 3562 enim
896 3513 969 3563 vell.
987 3515 1055 3564 dicit
1072 3517 1222 3564 eminentes
1241 3502 1337 3562 oculos
1392 3533 1395 3542 a

277 3603 374 3664 Marii,
392 3601 438 3649 sed
457 3599 543 3660 ipsum
560 3600 650 3649 oculis
667 3603 836 3650 eminentem.

346 3686 391 3737 20.
426 3685 552 3738 militum.
571 3688 663 3735 codd:
682 3687 797 3755 militis,
825 3690 896 3749 quod
913 3688 1001 3738 minu's
1018 3687 1111 3751 placet
1128 3690 1240 3750 propter
1256 3689 1335 3736 ante-

278 3779 379 3826 cedens
396 3777 507 3826 verbum
516 3773 647 3840 Romani,
666 3787 726 3824 eam
746 3778 863 3825 dubitari
881 3779 977 3840 possit,
995 3776 1171 3826 consulemnc
1189 3776 1338 3823 Romanum

278 3863 443 3928 Velldlcat,
461 3876 498 3929 an
509 3863 629 3911 militem.
649 3863 764 3911 Feielllt
782 3867 970 3926 compendium
982 3864 1109 3924 syllabae
1127 3867 1291 3926 postremae.
1303 3885 1338 3896 -

279 3945 308 4005 Q·
327 3948 484 4016 Pompeius.
503 3953 597 4001 carent
613 3949 678 4001 libri
695 3953 884 4015 praenomine,
903 3954 974 4012 quod
992 3954 1094 4012 primus
1112 3951 1262 4000 addendum
1278 3961 1339 3999 csse

240 4055 242 4060 ,
278 4034 414 4088 intellexit
431 4043 462 4090 N.
482 4041 617 4113 Heinsius.
645 4062 681 4075 -
706 4038 891 4090 recitaverat.
915 4039 979 4090 libri
1003 4040 1147 4090 mendose:
1178 4039 1338 4106 creaverat,

279 4133 338 4170 cum
357 4136 392 4172 aa·
405 4151 419 4162 -
431 4128 542 4187 syllaba
558 4129 654 4178 hausta
672 4128 769 4177 ilrlsset
790 4140 806 4176 a
826 4139 989 4190 praegressa
1006 4153 1021 4164 -
1036 4139 1090 4194 aa,
1118 4129 1147 4177 et
1176 4127 1277 4180 citauit
1295 4129 1338 4175 in·

277 4210 369 4260 solens
387 4213 474 4261 visure
493 4221 568 4266 esset
584 4217 706 4268 librario.
726 4219 778 4267 'est
803 4229 869 4266 sane
896 4215 995 4280 poetae
1020 4217 1108 4280 magis
1126 4229 1204 4278 quarn
1223 4215 1341 4266 oratoris

277 4301 404 4362 verbum3
423 4298 524 4361 alioqui
542 4306 683 4382 idipsum,
701 4309 771 4368 quod
789 4307 870 4357 etiam
889 4307 1004 4357 Burerio
1023 4305 1138 4366 allisque
1158 4305 1276 4369 placuit,
1295 4315 1342 4352 re-
