2998 4896
265 327 318 419 'oe
511 375 516 385 ⁸
716 367 878 420 vennam

268 517 299 576 in
325 513 509 593 Hispaniam
544 513 689 576 comitata
716 512 840 576 senuna
874 521 940 595 est;
975 516 1032 578 sed
1061 520 1177 581 nullum
1199 514 1336 606 unquam

267 613 406 676 atrocius
425 613 697 694 periculosiusque
720 617 760 686 ab
787 633 826 676 eo
856 616 964 679 initum
988 619 1151 701 proelium,
1179 624 1263 688 adeo
1290 639 1335 711 ut,

266 715 337 796 plue
360 733 454 806 quam
476 713 568 777 dubio
591 715 712 793 Morte,
732 715 946 779 descenderet
965 739 1063 803 eque,
1088 723 1334 808 consisteusque

266 826 338 880 ante
364 816 567 878 recedentem
590 833 718 876 suorum
746 816 865 901 aciem,
891 819 1045 900 increpita
1070 821 1155 899 prius
1181 825 1332 909 Fortuna,
1387 825 1390 840 ’

266 918 350 1000 quod
375 917 555 980 scincum
576 925 755 978 servasset
782 920 919 998 exitum,
948 921 1153 986 dcitunciaret
1176 926 1331 1010 militibus,

264 1025 401 1110 resipio.
412 1027 529 1080 senon
547 1035 764 1080 recessurum.-
781 1029 914 1094 proinde
932 1029 1089 1100 uiderent,
1112 1045 1204 1101 quern
1222 1039 1250 1090 et
1267 1048 1328 1106 quo

264 1125 331 1180 loeo
352 1126 569 1196 inperatorem
584 1123 868 1194 mrerturiformtt.
888 1121 1094 1184 Verecundia
1112 1127 1217 1207 magis
1242 1147 1330 1209 quam

260 1222 378 1284 virtute
400 1221 489 1282 acies
522 1221 666 1284 restituta
685 1229 750 1300 est,
783 1228 847 1282 tam
878 1239 898 1283 e
925 1220 1027 1304 duce,
1061 1227 1155 1305 quam
1182 1243 1203 1287 a
1228 1225 1332 1315 milite,

261 1322 382 1386 fortius.
422 1322 482 1386 Cu.
501 1320 690 1402 Pompejus,
710 1323 822 1401 gravis
841 1323 972 1383 vulnere
990 1325 1140 1388 iuventus
1156 1327 1238 1390 inter
1254 1331 1335 1392 soli·

261 1425 386 1488 tudiues
405 1425 515 1504 avias,
534 1424 740 1502 interemptus
761 1431 827 1504 est3
847 1415 1022 1488 Labienum
1036 1426 1222 1509 Verumque
1245 1432 1335 1494 acies

262 1525 397 1589 absttflit.

211 1621 252 1686 56
339 1624 461 1688 Caesar
482 1626 619 1688 omnium
637 1625 759 1709 vietor,
779 1643 953 1708 regressus
971 1627 1003 1688 in
1021 1627 1145 1712 urbem,
1165 1635 1248 1711 quoti
1268 1632 1331 1694 bu·-

260 1745 383 1790 manam
407 1725 544 1789 excedet
561 1727 675 1808 iidem,
695 1725 855 1812 omnibus,
884 1727 937 1808 qui
959 1736 1069 1790 contra
1087 1747 1124 1790 se
1143 1747 1227 1792 mma
1244 1731 1329 1794 tule-

259 1837 345 1906 rant,
381 1829 520 1908 ignovit,
555 1837 587 1890 et
615 1827 940 1909 magnificentissimis
970 1828 1146 1908 gladiatorii
1180 1834 1329 1915 muneris,

259 1929 483 2012 naumachiae,
512 1937 544 1990 et
570 1929 709 2009 equitum
727 1928 948 2015 peditumque,
969 1929 1060 1991 simul
1083 1932 1330 2016 elephantorum,

260 2029 461 2114 certaminis,
480 2030 690 2116 spectaculis,
709 2031 855 2112 epulique
878 2048 936 2108 per
958 2031 1161 2094 multosdies
1185 2035 1249 2096 dati
1269 2055 1331 2098 ce·-

258 2130 445 2214 lebratione,
465 2131 600 2213 replevit
617 2147 697 2194 eam.
739 2129 885 2211 Quinque
906 2132 973 2210 egit
989 2131 1172 2213 triumphos.
1215 2139 1330 2198 Gallici

257 2241 425 2313 apparatus
445 2249 488 2294 ex
506 2232 599 2315 citro,
619 2237 743 2293 Pontici
764 2249 807 2294 ex
829 2240 980 2312 acantho,
1000 2236 1328 2300 Aiecnndrinitestu-

258 2335 350 2421 mue,
379 2336 484 2410 Africi
514 2334 630 2414 ebore,
659 2338 878 2409 Hispaniensis
906 2342 1039 2412 argento
1065 2337 1151 2396 rasili
1179 2338 1326 2398 constitit.

256 2437 397 2500 Pecunia
419 2453 462 2498 ex
481 2435 634 2498 manubiis
653 2436 715 2496 lata
734 2434 826 2515 patrio
844 2433 977 2513 amplius
996 2433 1107 2494 sexies
1127 2435 1239 2496 millies
1255 2437 1325 2500 HS.

256 2539 373 2618 Neque
395 2537 437 2598 illi
463 2545 547 2600 tanto
567 2538 653 2615 viro,
682 2543 799 2598 ettam
822 2535 993 2598 clementer
1018 2537 1161 2600 omuibus
1183 2537 1326 2600 victoriis

256 2637 325 2704 suia
345 2653 421 2716 uso,
440 2638 511 2716 plus
532 2638 667 2719 quinque
689 2637 844 2698 mensium
865 2639 1058 2719 principatus
1080 2640 1171 2720 quies
1185 2639 1324 2718 contigit.

257 2735 381 2818 Quippe
413 2755 485 2798 cum
507 2757 618 2801 manse
641 2737 769 2802 Octobri
801 2740 831 2800 in
855 2740 964 2802 urbem
992 2740 1195 2822 revertisset,
1215 2737 1323 2800 Idibus

255 2838 396 2924 Martiis,
419 2838 640 2919 conjurationis
657 2840 836 2902 auctoribus
858 2842 955 2902 Bruto
977 2848 1009 2900 et
1031 2837 1164 2922 Cassio,
1192 2855 1323 2920 quorum

254 2941 384 3004 altemm
415 2942 622 3022 promittendo
646 2941 841 3004 consulatum
873 2961 937 3008 nou
966 2939 1180 3021 obligaverat,
1213 2948 1323 3004 eontra

254 3040 428 3106 diii'ereudo
456 3041 805 3119 Cassiumuffendemt
834 3042 983 3124 (adjectis
1011 3041 1104 3106 ctiam
1135 3043 1322 3106 consiliariis

253 3142 364 3204 caedis
386 3143 636 3205 familiarissimis
660 3145 811 3227 omnium,
844 3155 876 3206 et
895 3145 1017 3205 forttrna
1037 3145 1169 3224 portium
1199 3143 1269 3224 ejus
1290 3145 1321 3205 iu

253 3260 408 3306 summum
428 3245 552 3306 evectis
570 3241 745 3326 fastigium,
765 3245 805 3306 Ι).
826 3247 922 3307 Bruto
936 3254 968 3306 ct
985 3243 1023 3306 Ο.
1042 3243 1208 3325 'l'rebonio,
1230 3243 1320 3304 aliis-

253 3362 314 3427 que
345 3345 420 3406 elari
443 3346 577 3407 nummis
603 3344 717 3431 viris),
742 3347 947 3428 iuteremptus
977 3353 1037 3406 est.
1085 3341 1145 3406 Cui
1173 3359 1320 3422 magnam

250 3592 280 3642 in
294 3593 415 3657 priores.
434 3592 644 3642 additamentum
662 3591 770 3642 aberae
786 3603 889 3642 manua.
908 3594 996 3642 sensit
1013 3591 1045 3640 lt.
1063 3615 1098 3626 -
1121 3590 1256 3643 restituta
1274 3594 1318 3643 eet

251 3683 310 3731 tom
330 3696 349 3732 a
372 3682 450 3733 duce.
479 3681 546 3730 Mu:
574 3679 650 3732 acies
673 3681 824 3732 restitutae
848 3694 872 3731 e.
893 3695 919 3731 u.
945 3681 1030 3746 duce,
1058 3689 1127 3740 quae
1154 3681 1236 3728 enata
1256 3681 1318 3728 suut

249 3767 320 3818 haotl
338 3771 418 3820 dubia
436 3779 470 3818 ex
487 3767 578 3817 hisee:
596 3768 672 3820 aeica
685 3769 821 3820 restituto
833 3765 850 3820 i
864 3763 901 3819 tri
916 3770 1003 3836 unce,
1029 3769 1058 3815 in
1086 3749 1181 3828 quibus
1210 3770 1222 3815 t
1246 3768 1273 3813 iu
1300 3775 1316 3812 e

250 3855 330 3919 abitt,
357 3867 454 3907 errore
474 3857 543 3906 eatis
561 3857 715 3918 frequenti,
746 3858 975 3919 praepositionem
999 3865 1066 3905 vero
1086 3855 1233 3917 intercepit
1252 3845 1325 3922 -i,

249 3943 320 4002 quod
339 3947 485 3996 antecedit
514 3944 554 4008 ll,
582 3943 735 3994 insolenter
760 3947 890 4007 usurpato
916 3942 1019 4006 plurali
1041 3936 1170 4005 numero,
1199 3940 1313 3989 auctore

248 4025 393 4080 ilbeuano:
415 4033 491 4086 neira
507 4032 674 4098 restitutae,
704 4035 733 4082 ei
749 4033 787 4091 (t.
806 4045 829 4082 e.
849 4036 878 4083 et
897 4033 1017 4094 quidem)
1041 4045 1062 4083 o
1077 4033 1147 4082 duee
1165 4041 1208 4095 qu.
1228 4041 1256 4080 a.
1279 4035 1333 4076 mx

248 4115 289 4181 11,-
305 4125 357 4166 neo
375 4124 483 4171 omnino
502 4123 578 4170 recte
598 4120 663 4170 alii:
691 4133 735 4172 oe.
753 4120 888 4172 restituto
906 4123 949 4172 eri
965 4135 985 4170 a
1001 4121 1085 4184 duce,
1110 4118 1174 4168 alti:
1203 4129 1246 4168 ac.
1264 4127 1314 4167 re-

183 4242 189 4250 ·
249 4205 608 4260 contaminationem.
1040 4197 1048 4206 ’

318 4293 363 4342 oo.
400 4294 469 4344 iaia.
488 4296 548 4344 lim:
567 4293 698 4358 [itJlaia.
728 4321 763 4338 -··
787 4297 965 4363 principem
982 4297 1066 4363 quies.
1096 4290 1312 4344 insulanorum:
