2998 4896
595 385 697 438 nrsr.
723 387 758 435 n.
785 387 828 436 11.
861 381 868 403 ‘
911 396 917 400 „
1155 455 1158 466 ι
1188 361 1241 434 tt
1347 399 1351 403 ·

180 535 328 599 invidiam
352 533 533 596 conciliarat
548 531 592 591 Μ.
613 530 786 612 Antonius,
810 530 953 592 omnibus
973 521 1127 592 audendis
1145 547 1240 612 para·-

179 639 331 721 tinsinrus,
351 636 535 698 consulatus
546 632 688 717 collega,
707 631 895 712 imponendo
909 632 1001 711 oapiti
1015 630 1095 713 eius,
1114 631 1241 712 Luper-

178 739 299 803 ealiltns
318 736 461 798 sedentis
483 751 540 814 pro
562 731 705 817 Kestria,
722 732 849 812 insigne
867 733 1010 817 regium,
1033 731 1125 814 'quod
1144 731 1182 792 ab
1202 751 1242 792 eo

159 841 222 903 xita
239 838 399 919 repulsum
415 843 497 918 erat,
517 843 551 896 ut
570 853 631 895 non
652 831 793 895 offensus
812 835 983 896 videretur.

255 935 460 1002 Laudandum
495 921 688 1016 experientia
717 935 881 996 eonsilium
909 943 960 998 est
992 937 1119 997 Pansae
1148 937 1295 1018 atquedl

179 1041 287 1123 Hirtii,
321 1039 373 1120 qui
396 1055 523 1118 semper
544 1035 765 1117 praedixerant
787 1035 935 1122 Caesari,
965 1047 1002 1098 at
1020 1045 1241 1118 principatum,
1293 1091 1296 1098 .

180 1146 278 1202 armis
307 1147 499 1218 quaesitam,
535 1145 632 1197 armis
654 1147 781 1198 terreret.
828 1140 884 1200 llle
909 1139 1071 1222 dietitans,
1101 1147 1183 1200 mori
1209 1159 1244 1200 aa

181 1259 277 1318 paean
297 1247 404 1302 timere
434 1245 542 1318 nulle,
576 1239 649 1300 dum
680 1240 893 1325 elementiam,
924 1258 1016 1322 quam
1035 1244 1244 1324 praestiterat,

182 1351 345 1427 expeetat,
365 1341 509 1404 ineanttrs
532 1340 570 1401 ab
593 1340 726 1422 ingratis
746 1339 920 1421 occupatus
939 1352 1005 1426 est,
1025 1361 1097 1404 oum
1120 1343 1246 1425 quidem

181 1445 313 1526 plurima
339 1445 369 1504 ei
394 1443 565 1524 praesagia
593 1450 687 1523 atque
715 1443 830 1504 indicia
857 1441 899 1503 dii
929 1444 1121 1506 immortales
1153 1445 1247 1506 nturi

182 1547 367 1608 obtulissent
380 1545 520 1625 perieuli.
559 1543 645 1606 Nam
661 1553 694 1605 et
711 1543 898 1624 haruspices
919 1553 1191 1631 praemenuerant,
1210 1555 1248 1605 at

88 1723 90 1730 Ι
181 1653 410 1724 wipentiaetme
443 1653 559 1708 Iduum
589 1651 781 1708 Martiarum
812 1653 938 1704 caveret
969 1651 1064 1722 aleam
1102 1655 1135 1707 et
1166 1655 1247 1706 uxor

182 1747 360 1830 Calpurnia,
378 1747 485 1808 territa
503 1753 655 1808 nonturno
674 1746 758 1827 visu,
777 1755 814 1805 ut
827 1765 867 1806 aa
893 1752 941 1804 aaa
960 1753 1043 1806 dorni
1054 1750 1246 1825 aadmteret,

181 1851 303 1929 orabat3
324 1858 356 1911 et
364 1849 466 1933 tinelli,
487 1846 731 1928 conjurationem
745 1847 933 1928 nuntiantes,
951 1847 1013 1908 dati
1031 1846 1122 1930 adeo,
1142 1863 1255 1935 neque,
1329 1836 1333 1844 ’

182 1951 323 2032 protinus
344 1951 417 2013 leoti
437 1959 535 2012 erant.
575 1947 803 2028 Sedvproleeto
819 1947 1024 2010 ineluetabilis
1039 1949 1171 2010 fatorum
1183 1949 1246 2027 vis,

182 2050 400 2132 eujusennqne
411 2050 566 2114 fortunam
583 2057 704 2110 mutare
722 2051 896 2132 constitnit,
917 2051 1049 2112 consilia
1069 2050 1246 2132 corrumpit.

261 2151 332 2230 Quo
350 2171 432 2230 anno
452 2145 486 2213 id
500 2161 666 2232 patravere
688 2151 811 2214 facinus
828 2149 890 2230 [Μ.
891 2152 909 2232 }
927 2153 1044 2213 Brutus
1063 2161 1095 2214 et
1113 2151 1149 2214 C.
1160 2151 1247 2214 Cas·
1258 2151 1302 2218 58

184 2254 267 2333 sius,
300 2264 463 2334 praetores
487 2263 589 2336 erant,
617 2254 657 2315 D
683 2254 799 2314 Brutus
833 2253 945 2314 oonsul
971 2251 1167 2332 designatus.
1206 2253 1267 2313 lli
1316 2314 1319 2320 ,

183 2373 246 2417 nna
264 2375 336 2420 eum
360 2356 583 2437 eonjurationis
611 2355 721 2435 globo,
750 2353 898 2440 stipati„
879 2352 1082 2412 eladiatorum
1105 2351 1144 2412 D.
1162 2352 1251 2412 Bruti

154 2493 158 2506 ‚
182 2473 292 2539 manu,
313 2456 500 2535 Capitolium
520 2472 739 2538 oeeupavere,
774 2471 844 2514 ourn
870 2451 946 2514 Cos.
966 2453 1122 2514 Antonius
1140 2453 1251 2530 (paen

184 2573 259 2618 eum
275 2563 370 2615 annot
386 2563 626 2616 interamnanam
644 2554 827 2616 oensuisset
841 2553 994 2640 Cassiae,
1015 2563 1250 2614 testamentum-

184 2674 249 2734 que
265 2661 414 2717 Caesam
432 2660 631 2734 molendam,
652 2654 732 2736 [dd]
752 2657 867 2718 Brutus
886 2663 1135 2740 repugnaverat,
1157 2654 1251 2716 dieti-

183 2767 275 2839 aas,
294 2761 373 2818 111111
384 2762 518 2833 ampliare
540 2759 658 2816 civim
671 2766 800 2832 praeter
812 2763 955 2835 tyranni,
976 2750 1019 2818 ita
1033 2757 1115 2818 enim
1139 2757 1251 2836 appel-

184 2860 242 2921 lari
283 2858 456 2940 Caesarem
493 2853 580 2925 'laeto
616 2857 687 2939 ejus
728 2856 937 2938 expediebat,
979 2864 1147 2932 petendam
1184 2877 1252 2918 aare

187 2959 409 3043 sanquinem),
430 2945 605 3021 oonvoeoto
625 2953 755 3044 senatu,
784 2978 855 3021 oum
873 2959 939 3039 jam
961 2958 1140 3040 Dolabella,
1159 2977 1253 3040 quem

144 3079 146 3082 ·
188 3060 410 3122 srrbstittrturus
443 3060 503 3120 sibi
531 3059 652 3122 Caesar
682 3061 909 3138 designaverat
933 3059 1112 3142 consulem,
1144 3057 1253 3122 lasees
1337 3121 1339 3124 ,

188 3169 283 3242 atque
308 3161 445 3242 insignia
465 3161 670 3240 eorripuisset
689 3161 884 3238 consularia,
913 3161 1000 3222 velut
1018 3162 1107 3242 paais
1135 3170 1255 3242 auctor,

189 3262 306 3324 liberos
323 3279 401 3324 suos
420 3261 549 3322 obsides
565 3263 596 3323 in
613 3261 798 3343 Capitolium
817 3261 914 3340 misit,
936 3261 1094 3344 iidemque
1113 3263 1253 3326 deseen-

170 3364 282 3425 dendi
299 3373 364 3426 tuto
376 3363 626 3430 interlectoribus
645 3362 796 3425 Caesaris
812 3361 912 3445 dedit,
934 3373 965 3425 et
985 3363 1059 3426 illud
1079 3368 1251 3428 ,41111111-

185 3611 353 3676 prr'neipolr’n
370 3624 413 3677 aa
440 3613 474 3660 de
491 3611 503 3659 l
520 3615 548 3661 et
566 3613 577 3660 t
594 3611 695 3662 litteris
715 3600 834 3660 contusis
853 3623 893 3673 r.,
920 3611 944 3660 sl
963 3612 1032 3660 tanti
1050 3613 1112 3672 est,
1140 3609 1255 3670 sciopp-

191 3700 270 3762 Snsp.
286 3701 364 3749 [rect.
383 3699 414 3764 1,
435 3701 461 3748 8.
957 3715 959 3722 ·

143 3823 145 3828 ,
200 3830 202 3836 .
260 3787 303 3836 57.
338 3788 462 3852 plurima
486 3789 519 3838 ei.
538 3790 604 3836 Mn:
632 3787 766 3857 plurimi,
791 3790 820 3838 in
837 3799 889 3850 qno
910 3787 979 3836 illud
1001 3787 1090 3835 latere
1111 3783 1180 3832 vidit
1199 3783 1254 3849 On,

99 3912 105 3924 .
191 3890 235 3928 -a
254 3877 386 3927 11111.-
403 3878 473 3928 adeo
493 3878 531 3936 (11.
550 3889 575 3926 e.
592 3877 692 3944 111111,
710 3889 830 3940 german.
849 3876 961 3942 sopor).
981 3874 1045 3924 libri
1062 3874 1144 3921 vett:
1162 3871 1197 3923 ab
1214 3887 1256 3936 eo,

192 3969 210 4018 1
229 3969 258 4028 et
276 3969 292 4016 d
318 3966 421 4016 litteris
448 3967 584 4031 contusis,
615 3967 685 4028 quod
710 3965 881 4016 facillimam:
900 3965 934 4012 ot.
959 3961 1089 4010 annotata
1108 3959 1257 4011 adnomen

194 4055 277 4106 Drusi
295 4067 319 4106 o.
337 4055 398 4105 18&
419 4056 491 4106 adeo
505 4057 661 4118 posteriore
677 4055 742 4105 loeo
754 4041 957 4117 positum3‘qua
975 4051 1010 4097 de
1026 4061 1057 4097 re
1074 4060 1101 4100 r.
1122 4059 1181 4099 eum
1199 4050 1257 4115 alli,

195 4143 250 4191 itm
272 4145 430 4208 Wagnerua
448 4141 561 4208 Quaest.
579 4147 657 4208 virg.
678 4143 729 4208 91,
749 4144 790 4189 1.λ

263 4231 307 4280 ds.
342 4235 370 4283 et
396 4233 470 4284 illud
495 4232 594 4284 Athen.
613 4230 819 4283 celeberrimam
847 4227 1008 4289 exemplam.
1038 4223 1101 4277 libri
1117 4227 1210 4290 putide
1229 4230 1257 4275 et

196 4327 290 4381 parurn
306 4319 410 4370 latine:
441 4320 469 4370 et
494 4317 568 4371 illud
584 4317 692 4370 decreti
717 4315 781 4367 Art.
807 4313 979 4367 celeberrimi
996 4327 1039 4366 ea.
1070 4311 1126 4365 cie.
1145 4315 1212 4364 Phil.
1232 4314 1258 4378 1,
