2990 4894
279 311 351 390 128
732 339 891 392 venusti

280 479 486 564 simplicitatis
504 483 789 569 generosissimae,
807 483 839 546 in
861 483 1012 548 maritima
1034 493 1120 567 porto
1138 485 1257 572 Iiiyrioi
1276 507 1335 573 per

279 582 382 646 omnia
400 582 535 648 imitatus
557 593 617 650 ost.

210 685 268 752 tao
353 685 474 750 Horum
496 701 552 750 xvi
582 704 732 750 annorum
762 704 860 769 opera
887 688 975 773 quis,
1008 705 1080 752 oum
1109 689 1200 754 insint
1232 696 1336 760 omriis

277 786 453 868 animisque
466 789 616 874 omnium,
635 788 773 868 partibus
788 782 974 868 eloquatur?
1013 783 1159 853 &eravit
1173 803 1332 872 parentem

276 905 368 952 suum
388 887 510 951 Caesar
530 907 593 950 non
613 889 761 974 imario,
787 885 848 950 seri
868 887 1039 971 reiigion03
1070 909 1133 952 non
1158 895 1332 980 appellavit,

276 987 336 1052 sed
355 986 432 1050 iecit
451 985 553 1054 deum.
591 985 757 1052 Revocata
775 988 807 1050 in
825 987 925 1052 iorum
945 989 1042 1072 iides3
1063 1001 1237 1056 summotae
1255 995 1331 1060 ioris
1387 1049 1390 1056 .

276 1087 404 1169 seditio,
434 1087 559 1152 ambitio
586 1106 717 1175 eampo,
740 1088 897 1152 discordia
929 1091 1029 1173 cnria;
1063 1094 1268 1177 sepultosque
1295 1111 1333 1160 ac

276 1190 340 1252 situ
357 1188 478 1252 obsitae
494 1188 630 1273 justitio,
662 1191 824 1276 aequitas,
852 1190 1018 1270 industria,
1045 1192 1164 1257 civitati
1184 1193 1335 1259 redditae.

276 1290 430 1356 Accessit
449 1289 683 1372 magistratibus
702 1292 886 1378 auotoritas,
915 1293 1038 1355 senatui
1056 1293 1224 1381 majestas,
1246 1297 1337 1377 jurii·
1388 1343 1395 1362 .

276 1391 336 1456 ciis
349 1392 506 1472 grumum
527 1389 727 1473 [compressa
745 1392 905 1455 theomiis
923 1391 1068 1476 seditio;]
1088 1403 1176 1458 reete
1197 1393 1337 1460 faciendi

275 1492 419 1555 omnibus
448 1499 502 1556 ant
528 1493 659 1556 incusso
688 1493 853 1578 voluntas,
891 1501 945 1558 ant
969 1492 1114 1574 imposita
1143 1493 1336 1561 necessitas.

276 1594 474 1656 iionorsntur
491 1602 597 1681 recto,
624 1609 723 1676 prava
738 1594 916 1674 puniuntur:
945 1596 1078 1675 suspicit
1095 1604 1252 1676 potentem
1270 1599 1335 1662 hu-

275 1694 375 1780 milis,
407 1713 469 1756 non
496 1695 597 1776 timet3
635 1687 808 1776 antecedit,
844 1713 906 1758 nou
940 1695 1108 1758 contemnit
1138 1695 1333 1760 humiliorem

274 1804 399 1878 potens.
440 1793 573 1872 Quando
594 1812 717 1858 annona
738 1789 947 1859 moderatiori
974 1795 1098 1879 quando
1118 1811 1181 1878 pax
1199 1791 1333 1860 laetiori

274 1897 404 1962 Diffusa·
426 1897 458 1959 in
486 1895 625 1960 Orientis
657 1895 905 1978 Occidentisque
935 1904 1080 1981 tractus,
1118 1905 1150 1962 et
1182 1897 1333 1979 quidquid

275 1997 446 2061 meridiano
462 2004 515 2060 aut
533 1997 745 2078 septentrione
765 1996 878 2076 finitur,
895 2012 959 2078 pax
971 1998 1119 2080 Augusta
1136 1996 1209 2077 [pot
1222 2015 1335 2060 omnes

275 2108 426 2163 terrarum
453 2095 537 2160 oritis
564 2096 714 2178 angtuos]
736 2113 756 2158 a
776 2097 1006 2162 latrociniorum
1035 2106 1121 2161 metu
1143 2107 1253 2161 servat
1271 2099 1334 2160 im·

274 2218 398 2265 munes.
446 2198 585 2262 Fortuita
610 2215 673 2259 non
710 2195 826 2259 civium
853 2199 1083 2285 tantummodo,
1120 2197 1179 2261 sed
1213 2199 1334 2262 urbium

276 2303 389 2368 domna
424 2299 580 2380 Principis
606 2296 817 2361 munificentia
843 2295 1001 2360 vertunt
1031 2297 1209 2360 Restitutio
1237 2298 1333 2360 urbes

275 2404 393 2483 Asiae3
432 2400 609 2464 vindicatae
638 2397 677 2461 ab
708 2397 831 2478 injuriis
862 2397 1098 2480 magistratuum
1134 2397 1333 2479 provincioe;

276 2505 375 2567 honor
393 2501 498 2584 dignis
517 2499 750 2583 paratissimum
765 2515 866 2581 poena
883 2499 915 2560 in
930 2498 1031 2561 maios
1048 2515 1136 2580 sero,
1152 2497 1212 2561 sed
1227 2498 1334 2580 digna.

277 2605 450 2690 superatur
477 2602 633 2684 aequitate
657 2601 774 2684 gratia,
807 2600 931 2664 ambitio
958 2600 1088 2663 virtute:
1123 2617 1195 2662 nam
1226 2596 1334 2662 iacere

276 2713 365 2770 reete
377 2703 470 2768 cives
491 2719 568 2765 suos
581 2703 735 2784 Princeps
753 2702 886 2784 optimus
908 2699 1053 2762 faciendo
1069 2698 1177 2779 docet3
1198 2717 1334 2780 eumque

278 2807 320 2872 sit
337 2803 467 2888 imperio
491 2802 663 2886 maximus,
688 2800 832 2880 exemplo
854 2797 952 2878 major
969 2806 1030 2860 est.

348 3028 408 3080 tiit.
424 3029 518 3080 insint.
535 3027 621 3078 iibere
640 3023 742 3074 insero.
760 3033 847 3085 apage
864 3019 950 3072 moies
968 3016 1185 3087 conjecturarum
1195 3023 1224 3072 tn
1237 3021 1332 3072 mendo

279 3115 349 3166 haud
365 3115 480 3166 oiiiioiii.
497 3140 531 3153 -
547 3113 633 3166 liber:
652 3125 707 3164 non
724 3108 880 3176 appellauit
893 3123 961 3162 eum.
979 3123 1014 3160 ex
1025 3113 1247 3173 interpretatione
1258 3109 1334 3160 fluxit

280 3216 348 3268 eron,
365 3208 435 3265 quod
451 3206 555 3258 delevit
569 3205 709 3254 Gruterus.
726 3224 761 3235 -
776 3197 850 3263 ‘soris
865 3199 974 3250 seditio.
992 3199 1177 3248 consocer:
1192 3196 1258 3260 foro
1274 3197 1331 3248 aed.

280 3317 315 3329 -
331 3287 562 3356 [compressati
579 3287 707 3353 editio]
723 3289 775 3339 noc
792 3287 855 3338 iove
877 3289 919 3336 est
935 3287 1009 3336 inter
1025 3286 1122 3348 gravia
1139 3286 1168 3334 et
1183 3282 1332 3348 germano,

279 3392 349 3444 quae
366 3377 466 3442 utgtoe
481 3391 515 3429 eo
532 3381 746 3446 interpellantur,
762 3377 864 3428 iterata
880 3386 985 3438 quoque
1002 3374 1080 3423 brevi
1096 3369 1242 3421 intervallo
1262 3383 1334 3422 voce

282 3467 398 3531 seditio5
426 3476 479 3528 quo
496 3465 544 3513 vet
558 3468 619 3519 soio
635 3470 736 3519 indicio
754 3479 785 3517 se
801 3464 892 3528 prodit
915 3459 1111 3524 interpolator,
1137 3458 1255 3521 qusquis
1272 3460 1334 3510 iuit.

281 3578 318 3599 υ-
333 3551 603 3622 [per-capulos]
630 3553 766 3616 momenta
785 3549 978 3620 ταυτολόγον.
1003 3573 1038 3584 -
1063 3546 1333 3615 uenulatsoiievat,

282 3646 378 3698 sarcit
395 3641 549 3706 metaphora
566 3641 707 3700 exquisita.
723 3641 821 3705 volgo:
838 3638 980 3705 vindicat,
998 3635 1068 3700 qnod
1081 3637 1110 3686 et
1124 3645 1175 3697 per
1191 3648 1223 3685 se
1239 3636 1333 3686 durum
1455 3695 1456 3711 χ

284 3737 341 3800 est,
359 3732 491 3784 strumus
506 3727 684 3789 subsequente
700 3729 785 3780 verto
801 3727 968 3790 uindicatae.
987 3727 1021 3776 oe
1039 3725 1057 3773 d
1073 3725 1101 3773 et
1118 3726 1131 3774 t
1148 3723 1248 3774 litteris
1265 3733 1332 3774 con·
1454 3757 1455 3773 t

285 3823 353 3874 tusis
370 3835 399 3872 v.
416 3821 523 3881 Soiopp.
541 3817 618 3878 susp.
635 3813 713 3863 nect.
729 3827 755 3877 p.
775 3814 822 3882 ta,
838 3827 888 3866 nos
904 3815 1004 3879 passim
1027 3813 1062 3863 ad
1079 3810 1216 3876 Plautump
1244 3810 1330 3861 ceti
1453 3821 1454 3835 ¹

286 3911 369 3961 etum
384 3908 431 3960 as.
447 3907 580 3971 permuta
596 3903 666 3954 sunt
684 3901 719 3951 cr.
739 3899 797 3950 tar.
823 3926 858 3939 -
882 3903 932 3954 seu
952 3901 1045 3967 mano
1071 3897 1173 3950 manse
1191 3899 1253 3950 cor:
1282 3899 1332 3950 sea
1451 3875 1453 3961 J

288 3995 391 4062 atiquo
417 3998 504 4048 ortum
521 3994 631 4043 videtur
647 4003 687 4043 a·
704 3999 739 4040 ex
755 3990 772 4038 d
790 3988 898 4056 littera,
923 3999 992 4051 quae
1008 3989 1164 4053 pracerum
1192 3999 1244 4050 quo
1260 3987 1333 4036 torte
1450 3993 1451 4023 ³

287 4081 470 4149 agglutinato,
499 4084 528 4133 et
545 4094 564 4145 g
579 4083 608 4131 tn
625 4092 642 4145 q
658 4091 756 4142 verso,
780 4078 851 4139 quoti
875 4075 1047 4142 facillimum,
1074 4073 1334 4138 correctoraltqnts
1449 4067 1450 4087 ¹

288 4171 322 4222 de
338 4170 471 4221 industria
488 4169 612 4233 posuisse
628 4169 761 4230 putandus
778 4167 839 4232 est,
863 4165 932 4229 qnod
949 4175 1056 4216 sensum
1077 4164 1204 4230 haberet,
1230 4163 1333 4230 cupro

290 4255 400 4312 sallust.
418 4253 476 4304 cat.
495 4255 805 4323 manciparemus
816 4267 870 4321 pro
889 4252 1083 4318 facturorum
1102 4251 1250 4315 reperitur.
