2998 4896
602 377 704 428 rus'r.
732 377 767 426 n.
796 378 839 425 11.
1204 353 1248 425 tl

192 519 358 604 mae[que]
378 521 408 582 in
428 520 599 582 retinendis
619 519 715 579 armis
732 517 917 601 juventutiS,
937 501 1081 580 Carbone
1100 519 1250 581 acMario

192 623 303 704 Coss,
323 621 436 684 abhinc
458 636 559 682 annos
581 618 668 702 CXl,
691 617 844 680 Kalendis
865 619 1116 702 Novembribus,
1149 621 1190 682 ita
1210 620 1249 682 ad

189 733 308 804 portam
330 721 483 784 Collinam
502 737 574 781 cum
593 719 681 780 Sulla
703 718 880 803 dimicavit,
900 727 933 780 ut
955 718 996 780 ad
1022 736 1176 780 summum
1199 720 1249 782 di-

189 824 326 886 scrimen
351 830 383 881 et
410 836 481 878 eum
514 827 545 880 et
575 837 642 878 rem
668 819 823 899 publicam
845 820 1053 901 perduceret3
1088 839 1169 902 quae
1189 840 1250 883 non

188 923 290 1004 majus
313 917 485 1000 periculum
505 919 592 1000 adiit,
625 909 809 982 Hannibalis
834 922 914 983 intra
931 922 1054 986 tertium
1077 922 1250 983 milliarium

188 1033 293 1087 castra
316 1021 513 1104 conspicata,
534 1037 626 1099 quem
643 1039 682 1081 eo
706 1019 776 1103 die,
796 1040 857 1102 quo
873 1023 1105 1085 circumvolans
1123 1023 1250 1085 ordines

189 1122 350 1186 exercitus
371 1122 420 1182 sui
439 1121 627 1204 Telesinus,
649 1120 875 1202 dictitansque,
895 1131 1005 1184 adesse
1027 1130 1176 1184 Romania
1195 1129 1249 1183 ot·

189 1231 297 1284 timum
316 1228 409 1300 diem,
430 1222 676 1306 vociferabatur,
697 1228 868 1282 eruendam
883 1227 1105 1298 delendamque
1126 1227 1249 1300 orbem

188 1322 358 1405 adjiciens,
390 1342 552 1399 nunquam
576 1327 742 1397 defuturos
766 1332 911 1398 raptores
940 1327 1071 1382 italicae
1098 1326 1249 1382 libertatis

189 1431 295 1504 lepos,
316 1431 379 1486 nisi
396 1431 492 1502 sileo,
513 1431 547 1484 in
570 1443 665 1500 quom
690 1427 836 1497 reserpere
855 1427 1008 1507 solerent,
1029 1433 1112 1482 esset
1131 1426 1248 1482 eccisa.

187 1527 265 1589 Post
287 1527 417 1606 primam
445 1526 570 1587 demum
591 1526 698 1586 horam
726 1525 827 1586 noctis
854 1532 886 1585 et
906 1520 1050 1585 Romana
1078 1523 1166 1584 acies
1191 1541 1249 1582 re·

187 1630 333 1710 spiravit,
364 1637 396 1690 et
419 1628 553 1690 hostium
574 1628 683 1690 cessit.
722 1626 891 1686 'l'elesinus
917 1633 1044 1704 postera
1074 1623 1125 1685 die
1148 1624 1249 1684 semi-

184 1730 295 1792 animis
315 1737 459 1809 repertus
478 1737 546 1809 est,
565 1728 697 1790 victoris
716 1727 820 1806 magis
836 1743 928 1805 quam
947 1725 1109 1785 morientis
1129 1725 1249 1785 vultum

183 1830 383 1911 praeferens,
413 1829 503 1910 cujus
528 1828 708 1889 abscissum
738 1835 830 1905 caput
858 1825 934 1886 ferri
955 1824 1140 1906 gestariqne
1163 1825 1249 1886 circa

184 1932 359 1993 Praeneste
376 1931 465 1993 Sulla
480 1929 587 2009 jussit.
626 1930 706 1989 'l'um
721 1927 845 1988 demum
869 1926 1046 2006 desperatis
1065 1926 1162 1990 rebus
1180 1926 1247 1987 suis

183 2030 222 2092 C.
242 2031 363 2091 illarius
381 2030 572 2091 adolescens
589 2049 647 2108 per
667 2030 847 2109 cuniculos,
868 2029 920 2110 qui
937 2029 1016 2090 miro
1036 2047 1132 2108 opere
1148 2025 1246 2088 labri-

182 2131 244 2193 cati
263 2132 295 2191 in
318 2107 464 2191 diversas
484 2147 630 2209 agrorum
650 2137 757 2209 partes
776 2129 895 2211 ferunt,
915 2137 1047 2191 conatus
1071 2147 1247 2211 erumpere,

182 2249 254 2293 oum
278 2230 428 2292 toramine
448 2249 467 2289 e
490 2238 573 2290 terra
590 2231 800 2312 emersisset,
819 2248 838 2289 a
862 2228 1025 2309 dispositis
1044 2228 1076 2288 in
1093 2228 1125 2288 id
1143 2229 1246 2308 ipsum

181 2334 387 2411 interemptus
410 2340 470 2393 est.
510 2332 608 2409 Sunt,
629 2332 681 2412 qui
702 2348 760 2392 sua
782 2347 889 2408 manu,
911 2338 1001 2409 sunt,
1034 2328 1087 2407 qui
1108 2346 1246 2390 concur-

145 2482 148 2488 .
179 2442 300 2495 rentem
320 2434 436 2494 mutuis
464 2432 578 2494 ictibus
604 2451 676 2495 cum
697 2432 816 2492 minore
840 2428 1006 2508 Telesino,
1032 2446 1094 2488 una
1111 2427 1247 2489 obsesso

181 2541 214 2594 et
240 2540 443 2614 erumpente,
476 2513 666 2592 occubuisse
694 2528 894 2610 prodiderint.
933 2529 1101 2610 Utcunque
1122 2529 1249 2611 cecidit,

180 2631 338 2712 hodieque
368 2638 453 2692 tanta
481 2631 580 2710 patris
606 2630 743 2713 imagine
778 2651 840 2693 non
860 2629 1045 2692 obscuratur
1078 2629 1148 2709 ejus
1174 2647 1247 2691 me-

179 2731 286 2792 moria.
318 2732 367 2792 De
388 2749 450 2810 quo
465 2729 586 2809 juvene
608 2733 681 2811 quid
702 2730 929 2793 existimaverit
939 2731 1037 2816 Sulla,
1057 2732 1088 2791 in
1101 2740 1247 2812 promptu

180 2842 240 2894 cst
291 2831 410 2896 Occiso
439 2831 521 2893 enim
552 2832 677 2894 demum
709 2853 748 2894 eo
773 2837 887 2894 Felicis
915 2851 1029 2894 nomen
1057 2833 1244 2911 assumpsit,

180 2934 263 3015 quod
284 2933 410 3012 quidem
429 2942 617 3013 usurpasset
632 2933 826 3013 justissime,
846 2934 875 2994 si
896 2932 1031 2993 eundem
1052 2941 1084 2993 et
1095 2931 1244 2993 vincendi

180 3043 213 3096 et
231 3033 361 3095 vivendi
380 3033 474 3093 finem
488 3033 660 3094 habuisset.
701 3034 933 3114 oppugnationi
947 3040 1051 3094 autem
1059 3031 1244 3094 Praenestis

180 3153 220 3196 ac
237 3135 332 3195 Marii
351 3132 529 3214 praefuerat
550 3131 652 3194 Ofella
675 3133 862 3216 Lucretius,
882 3133 950 3214 qui,
971 3148 1042 3193 cum
1068 3140 1139 3194 aute
1166 3133 1248 3192 illa-.

179 3379 332 3442 ponendum
350 3379 459 3443 estse,
479 3381 507 3429 et
524 3381 583 3429 tum
598 3393 626 3442 p.
644 3393 679 3428 m.
698 3403 731 3414 -
751 3379 809 3439 Quo
826 3404 860 3412 -
877 3378 1004 3431 accessit.
1023 3380 1064 3428 sic
1081 3379 1241 3429 humanissi-

178 3477 239 3514 mus
257 3464 302 3514 Or.
319 3465 479 3526 nosmetipsi
506 3467 627 3514 dedimus
645 3479 726 3533 nam,
754 3469 783 3514 et
801 3481 869 3528 suo,
897 3468 1052 3528 pariterque
1070 3482 1138 3530 nec,
1166 3467 1241 3511 inse·

177 3555 292 3614 ruimus,
319 3564 336 3601 a
363 3553 461 3600 vicinis
484 3555 640 3614 intercepta
656 3555 756 3617 verba,
783 3566 852 3615 quae
877 3555 938 3616 ipsa
967 3555 1103 3604 sententie
1123 3560 1240 3612 poscere
1286 3601 1296 3612 .

178 3642 240 3690 visa
266 3643 323 3704 est,
350 3651 412 3688 cum
437 3638 569 3688 Orellium
591 3642 754 3690 scribentem
782 3641 878 3692 almae
902 3657 976 3693 nune
999 3641 1104 3692 virtute
1129 3635 1240 3701 erninet,

176 3728 298 3792 proprio
316 3730 404 3794 latet,
422 3727 483 3776 scil.
504 3729 653 3792 Antistius,
681 3729 762 3778 inviti
779 3730 975 3779 desereremus.
994 3730 1047 3778 tuit
1064 3727 1154 3776 eutem
1174 3720 1239 3773 cal-
1263 3773 1274 3778 -

176 3817 291 3879 purnlae
308 3818 388 3878 pater
404 3815 436 3862 L.
454 3817 560 3877 Bestia,
581 3818 614 3864 de
633 3828 685 3876 quo
703 3817 811 3866 Ernest.
831 3814 909 3867 clav.
929 3815 985 3866 (lic.

245 3902 292 3952 2⁷.
329 3902 415 3952 enimi
432 3928 467 3935 —
485 3902 621 3954 Romano.
649 3903 712 3954 libri
727 3908 871 3955 mendose:
899 3904 985 3957 animi
1003 3901 1119 3967 bellique
1135 3900 1238 3964 fortis-

175 3993 278 4058 simus,
302 3991 466 4056 penitusque
483 3990 563 4042 Rom.
588 3993 627 4041 ll:
658 3993 703 4043 vir
728 3993 815 4044 animi
838 3992 924 4057 fort,
951 3989 1016 4041 betti
1041 3989 1237 4055 peritissimas,

176 4076 354 4145 Romanoque
375 4094 402 4130 n.
419 4078 470 4142 inf.
502 4105 536 4115 -
563 4078 652 4147 ferri,
671 4079 772 4131 afferri.
792 4095 817 4128 v.
838 4079 900 4139 0r.‚
919 4079 965 4125 Kr.
991 4099 1026 4112 -
1053 4089 1115 4128 cum
1131 4079 1238 4132 minore

179 4164 311 4218 telesino.
341 4170 380 4217 ita
397 4165 499 4217 Duker.
519 4171 553 4217 ad
571 4170 632 4218 Liv.
652 4170 723 4232 lipit.
741 4170 793 4217 86:
812 4166 890 4228 libri,
919 4165 1038 4215 immisso
1056 4165 1236 4228 glossemate:

178 4263 239 4302 cum
258 4255 320 4305 mio.
339 4255 434 4318 fratre
452 4257 508 4306 Tel.
