2998 4896
595 387 697 436 uisu.
724 386 760 433 u.
788 386 827 434 11.
1192 361 1239 431 45

180 536 304 600 Antonii
337 544 484 616 praetura
511 531 672 592 decretum
702 535 778 587 erat.
818 527 884 589 Sed
913 528 1065 592 interdum
1091 546 1237 609 persona,

178 649 211 702 ut
229 639 374 718 exemplo
398 640 513 712 nocet,
546 630 587 688 ita
607 626 754 688 invidiam
775 637 871 707 auget
898 637 951 690 aut
977 630 1071 690 levat.
1111 632 1146 691 ln
1164 631 1238 691 An·

178 741 260 802 ionio
280 747 314 800 ot
334 735 480 798 homines
500 747 601 809 aequo
621 728 722 789 animo
745 730 839 808 passi·
851 737 952 792 erant:
973 747 1043 790 raro
1057 730 1140 791 euim
1152 731 1238 792 invi-

176 843 266 904 detur
283 853 392 900 eorum
411 829 596 910 honoribus,
616 847 748 910 quorum
763 830 814 890 vis
833 849 899 890 non·
919 830 1056 911 timetur,
1078 831 1238 894 contrairi

174 944 213 1003 iis
233 938 378 1002 homines
398 929 641 992 extraordinaria
664 929 880 1012 reformidant,
901 932 953 1012 qui
976 949 1015 992 ea
1035 949 1094 993 suo
1113 931 1238 994 arbitrio

175 1041 228 1103 out
245 1033 416 1115 deposituri
438 1041 490 1092 out
513 1029 661 1094 retenturi
680 1028 844 1106 videntur,
875 1041 907 1092 et
928 1033 1054 1094 modum
1071 1033 1102 1094 iu
1122 1033 1237 1095 voiun-

174 1149 239 1202 tate
258 1135 383 1197 habeut.
421 1132 655 1194 Dissuadebant
678 1128 859 1211 optimates3
888 1130 946 1191 sed
970 1133 1101 1196 consitis
1120 1133 1238 1213 impetu

175 1240 261 1299 victa
281 1246 362 1298 suut.
830 1277 835 1286 .
1121 1279 1124 1288 .

252 1338 356 1414 Digna
391 1345 441 1399 est
473 1337 623 1398 memorio
654 1335 693 1412 Q.
727 1335 831 1398 Catuli
855 1353 926 1400 cum
956 1336 1142 1418 auctoritas,
1172 1330 1288 1397 tum32

176 1437 381 1500 verecundia.
395 1436 539 1514 Quicum
556 1437 747 1500 dissuadens
759 1439 865 1517 legem
877 1437 910 1498 in
926 1437 1079 1499 concione
1092 1436 1236 1518 dixisset,

85 1545 91 1556 '
176 1557 244 1599 esse
259 1545 382 1615 quidem
405 1544 607 1615 praeclarum
623 1545 726 1599 virum
752 1543 806 1599 Cn.
821 1541 1012 1615 pomposum,
1033 1547 1090 1600 sed
1107 1545 1236 1600 nimium

166 1639 239 1710 jaro
262 1644 378 1699 liberae
397 1645 445 1699 rei
466 1643 624 1718 publicae,
645 1658 748 1714 neque
774 1645 877 1699 omnia
901 1645 936 1698 in
956 1657 1020 1698 ooo
1044 1647 1233 1718 reponendo,

172 1739 424 1823 adiecissetque,
445 1745 474 1797 si
494 1746 571 1814 quid
592 1743 665 1798 broie
694 1743 856 1814 acciderit,
888 1755 979 1813 quern
995 1743 1029 1796 iro
1048 1741 1118 1809 eJ'ua
1135 1744 1237 1798 locum

172 1838 388 1898 meritoriis?
417 1838 625 1899 succlamavit
647 1836 798 1897 universo
819 1837 948 1922 concio,
971 1843 1028 1916 Te,
1049 1843 1083 1910 Q.
1106 1837 1236 1898 Catule!

174 1941 255 2000 'ium
277 1940 348 2023 ilie,
367 1939 473 2001 victus
494 1954 654 2000 consensu
681 1939 815 2000 omnium
839 1947 871 2002 et
885 1947 947 2000 ram
963 1937 1136 2000 honorifico
1151 1936 1236 2000 civi·-

172 2039 245 2100 totis
268 2039 461 2121 testimonio,
482 2057 501 2098 e
522 2039 675 2101 concione
698 2038 858 2102 discessit.
898 2040 961 2103 Hic
980 2041 1114 2103 bominis
1135 2057 1235 2102 vere-

172 2139 332 2223 cundiam,
357 2139 462 2219 popuii
483 2138 653 2225 justitiam,
680 2142 784 2202 mironi
815 2142 903 2205 tibet:
935 2143 1033 2221 iliius,
1064 2143 1148 2222 quod
1173 2161 1235 2204 uon

172 2240 251 2301 uitro
275 2240 450 2321 contendit,
470 2241 590 2324 plebis,
610 2240 694 2322 quod
711 2241 948 2306 dissuadentem
970 2250 1003 2303 et
1017 2240 1235 2302 adversarium

170 2342 340 2403 voluntatis
363 2359 441 2402 suae
466 2359 544 2403 vero
567 2343 744 2404 testimonio
767 2342 912 2402 lroudore
932 2342 1035 2401 noluit.
1074 2341 1137 2403 Per
1150 2340 1235 2400 idem

169 2447 294 2520 tempus
318 2442 411 2503 Cotta
424 2441 586 2520 judicandi
600 2460 731 2520 munus,
752 2439 834 2523 quod
848 2440 886 2501 C.
905 2437 1072 2501 Gracchus
1093 2448 1235 2518 ereptum

170 2541 293 2600 senatui
317 2539 356 2598 ad
377 2540 517 2624 equites,
538 2541 625 2601 Sulla
644 2541 682 2601 ab
706 2541 767 2600 iltis
790 2540 830 2601 ad
856 2547 999 2600 senatum
1024 2540 1233 2622 transtulerat,

171 2639 344 2720 aequaliter
364 2639 395 2699 in
417 2647 580 2720 utrumque
605 2640 745 2702 ordinem
764 2641 894 2720 partitus
915 2649 979 2720 est;
1001 2639 1083 2703 0tho
1093 2641 1235 2702 Roscius

169 2741 243 2820 iege
265 2757 323 2800 sua
346 2739 503 2820 equitibus
524 2741 556 2802 in
577 2740 697 2809 theatro
719 2742 789 2804 loco
808 2741 952 2803 restituit.
991 2742 1034 2803 At
1057 2740 1115 2822 Cn.
1132 2741 1233 2803 Pom·
1335 2765 1337 2772 ·

167 2840 277 2920 pejus,
309 2841 414 2902 multis
439 2850 471 2902 et
493 2842 665 2921 praeclaris
693 2842 772 2903 viris
795 2841 825 2902 in
850 2842 881 2903 id
908 2841 1021 2902 bellum
1049 2843 1233 2923 assumptis,

169 2940 390 3020 descriptoque
418 2941 450 3000 in
481 2960 590 3003 omnes
612 2960 765 3003 recessus
792 2941 900 3002 maris*
918 2938 1076 3021 praesidio
1096 2935 1257 3022 navium,'

169 3042 258 3102 brevi
275 3041 519 3119 inexsuperabili
543 3041 624 3102 moto
645 3050 797 3102 terrarum
817 3041 924 3102 orbem
945 3040 1103 3120 liberavit,
1135 3059 1232 3120 proe—
1332 3085 1335 3092 ,

168 3141 348 3224 donesque,
365 3140 527 3219 permultis
550 3140 581 3199 in
608 3140 687 3201 iocis
705 3139 827 3216 victos,
848 3139 934 3200 circa
953 3137 1096 3200 Cilicium
1126 3141 1233 3202 classo

168 3258 347 3321 aggressus
368 3240 445 3305 ludit
465 3258 504 3301 oo
527 3239 666 3321 fugavit,
699 3247 730 3300 et
761 3257 822 3319 quo
851 3239 1001 3300 maturius
1027 3240 1141 3302 beilum
1169 3251 1231 3304 tam

167 3487 236 3546 psit:
264 3489 330 3537 onte
356 3486 386 3536 in
405 3487 492 3537 biens.
518 3491 594 3537 certe
611 3501 666 3538 uon
684 3493 748 3539 aute
766 3491 916 3554 biennium,
942 3493 991 3540 sed
1015 3495 1079 3542 ante
1096 3489 1114 3538 7
1133 3499 1227 3547 annos,

166 3576 194 3622 id
220 3574 323 3622 iactum
348 3587 424 3637 esse,
459 3578 579 3625 ostendit
605 3578 720 3626 Krause.
749 3580 788 3626 lo.
813 3579 958 3627 Bobertus:
989 3579 1018 3629 in
1042 3579 1082 3628 M.
1107 3573 1229 3624 Antonio

164 3663 306 3724 praetore.
325 3675 377 3724 quo
393 3665 555 3713 etKrauseo
572 3667 729 3714 auctoribus
740 3668 787 3715 Kr.
799 3667 851 3715 boc
868 3663 1020 3729 edtjusstt;
1039 3666 1105 3714 ante
1116 3663 1229 3722 septen-

155 3748 240 3799 'nium
257 3749 287 3800 in
303 3751 343 3800 M.
362 3751 485 3802 Antonio
501 3756 651 3822 praetore,
668 3756 789 3816 quamvis
807 3755 866 3816 ipse
884 3756 984 3816 fassus,
1002 3762 1099 3801 vocem
1116 3750 1229 3810 septen-

164 3837 239 3888 nium
252 3840 285 3888 ab
303 3851 352 3888 usu
371 3839 548 3888 classicorum
564 3843 726 3903 scriptorum
743 3844 898 3892 abhorrere.
908 3836 1156 3890 —idlioustumab
1171 3835 1227 3884 -r'o.

233 3925 277 3974 ³2.
314 3926 495 3977 substituetis.
516 3929 556 3977 ita
573 3930 723 3978 Vascosau.
744 3933 772 3979 et
789 3931 845 3980 olii.
864 3931 928 3979 libri
946 3927 1030 3976 vett:
1049 3921 1227 3990 substituitis,

165 4015 233 4072 quod
254 4016 318 4062 suut
336 4014 381 4076 qui
400 4015 545 4080 tueantur,
573 4018 699 4078 tauquam
717 4029 800 4067 sensu
827 4018 912 4066 futuri
935 4015 1043 4062 dictum.
1075 4035 1115 4086 -ι
1140 4009 1226 4060 libus.

166 4100 256 4147 codd:
274 4099 373 4165 trojus,
390 4104 461 4164 quod
480 4105 589 4152 enatum
607 4106 691 4154 fuerit
710 4117 743 4153 ex
761 4103 866 4167 billius,
885 4100 956 4149 mule
974 4099 1074 4161 addito,
1093 4101 1122 4148 ut
1134 4109 1226 4158 saepe,
1268 4151 1269 4154 Ἴ

164 4185 180 4230 tr
199 4181 299 4238 littero.
317 4213 353 4223 -
368 4190 517 4253 permultis
533 4192 611 4242 locis.
623 4193 688 4244 libri
705 4191 850 4239 inusitate:
867 4187 1011 4250 permulto
1027 4186 1123 4237 multis
1138 4185 1224 4245 locis3
1301 4241 1302 4244 Ἴ

163 4273 211 4322 sed
228 4275 317 4327 mreito
335 4280 377 4325 eet
396 4275 520 4342 σφάλμα
531 4278 651 4340 librarii,
671 4279 745 4339 quoti·
755 4276 894 4337 adscripto
911 4274 1006 4326 miritis
1020 4275 1224 4326 emendavit-
