<?xml version="1.0" encoding="UTF-8"?>
<!DOCTYPE html PUBLIC "-//W3C//DTD XHTML 1.0 Transitional//EN"
    "http://www.w3.org/TR/xhtml1/DTD/xhtml1-transitional.dtd">
<html xmlns="http://www.w3.org/1999/xhtml" xml:lang="en" lang="en">
 <head>
  <title>
</title>
<meta http-equiv="Content-Type" content="text/html;charset=utf-8" />
  <meta name='ocr-system' content='tesseract 3.04.00' />
  <meta name='ocr-capabilities' content='ocr_page ocr_carea ocr_par ocr_line ocrx_word'/>
</head>
<body>
  <div class='ocr_page' id='page_1' title='image "./vellejipatercul00pategoog_0011.png"; bbox 0 0 2998 4896; ppageno 0'>
   <div class='ocr_carea' id='block_1_1' title="bbox 264 394 906 450">
    <p class='ocr_par' dir='ltr' id='par_1_1' title="bbox 264 394 906 450">
     <span class='ocr_line' id='line_1_1' title="bbox 264 394 906 450; baseline -0.005 -1"><span class='ocrx_word' id='word_1_1' title='bbox 264 400 309 450; x_wconf 85' lang='lat' dir='ltr'><strong>VI</strong></span> <span class='ocrx_word' id='word_1_2' title='bbox 681 394 906 448; x_wconf 72' lang='lat' dir='ltr'><strong>PRAEFATIO.</strong></span> 
     </span>
    </p>
   </div>
   <div class='ocr_carea' id='block_1_2' title="bbox 259 535 1325 1126">
    <p class='ocr_par' dir='ltr' id='par_1_2' title="bbox 259 535 1325 1126">
     <span class='ocr_line' id='line_1_2' title="bbox 263 535 1325 628; baseline 0.003 -22"><span class='ocrx_word' id='word_1_3' title='bbox 263 544 423 608; x_wconf 82' lang='lat' dir='ltr'><strong>veteribus</strong></span> <span class='ocrx_word' id='word_1_4' title='bbox 440 544 534 606; x_wconf 82' lang='lat' dir='ltr'><strong>libros</strong></span> <span class='ocrx_word' id='word_1_5' title='bbox 557 543 702 606; x_wconf 85' lang='lat' dir='ltr'><strong>sordibus</strong></span> <span class='ocrx_word' id='word_1_6' title='bbox 721 545 832 606; x_wconf 87' lang='lat' dir='ltr'><strong>iterum</strong></span> <span class='ocrx_word' id='word_1_7' title='bbox 846 535 1019 625; x_wconf 75' lang='lat' dir='ltr'>iterumque</span> <span class='ocrx_word' id='word_1_8' title='bbox 1042 545 1185 628; x_wconf 85' lang='lat' dir='ltr'><strong>opplent,</strong></span> <span class='ocrx_word' id='word_1_9' title='bbox 1205 566 1268 610; x_wconf 89' lang='lat' dir='ltr'><strong>uon</strong></span> <span class='ocrx_word' id='word_1_10' title='bbox 1284 549 1325 610; x_wconf 88' lang='lat' dir='ltr'><strong>illi</strong></span> 
     </span>
     <span class='ocr_line' id='line_1_3' title="bbox 263 668 1325 752; baseline 0.002 -19"><span class='ocrx_word' id='word_1_11' title='bbox 263 671 423 734; x_wconf 81' lang='lat' dir='ltr'><strong>doctorum</strong></span> <span class='ocrx_word' id='word_1_12' title='bbox 445 669 531 752; x_wconf 80' lang='lat' dir='ltr'>digni</span> <span class='ocrx_word' id='word_1_13' title='bbox 563 669 704 752; x_wconf 88' lang='lat' dir='ltr'><strong>nomine,</strong></span> <span class='ocrx_word' id='word_1_14' title='bbox 731 668 791 730; x_wconf 82' lang='lat' dir='ltr'><strong>sed</strong></span> <span class='ocrx_word' id='word_1_15' title='bbox 811 669 1001 732; x_wconf 74' lang='lat' dir='ltr'>librariorum</span> <span class='ocrx_word' id='word_1_16' title='bbox 1032 668 1113 732; x_wconf 88' lang='lat' dir='ltr'><strong>simii</strong></span> <span class='ocrx_word' id='word_1_17' title='bbox 1140 671 1325 752; x_wconf 70' lang='lat' dir='ltr'><strong>appellandi.</strong></span> 
     </span>
     <span class='ocr_line' id='line_1_4' title="bbox 264 789 1324 873; baseline 0.002 -16"><span class='ocrx_word' id='word_1_18' title='bbox 264 791 370 872; x_wconf 79' lang='lat' dir='ltr'><strong>Quare</strong></span> <span class='ocrx_word' id='word_1_19' title='bbox 394 797 521 857; x_wconf 85' lang='lat' dir='ltr'><strong>istorum</strong></span> <span class='ocrx_word' id='word_1_20' title='bbox 547 789 642 857; x_wconf 81' lang='lat' dir='ltr'><strong>territi</strong></span> <span class='ocrx_word' id='word_1_21' title='bbox 663 810 721 856; x_wconf 83' lang='lat' dir='ltr'><strong>noe</strong></span> <span class='ocrx_word' id='word_1_22' title='bbox 748 793 895 873; x_wconf 80' lang='lat' dir='ltr'><strong>vestigiis</strong></span> <span class='ocrx_word' id='word_1_23' title='bbox 925 795 1046 856; x_wconf 78' lang='lat' dir='ltr'><strong>somnio</strong></span> <span class='ocrx_word' id='word_1_24' title='bbox 1069 796 1121 856; x_wconf 85' lang='lat' dir='ltr'><strong>ilie</strong></span> <span class='ocrx_word' id='word_1_25' title='bbox 1150 805 1182 859; x_wconf 89' lang='lat' dir='ltr'><strong>et</strong></span> <span class='ocrx_word' id='word_1_26' title='bbox 1207 796 1324 858; x_wconf 79' lang='lat' dir='ltr'><strong>delita·</strong></span> 
     </span>
     <span class='ocr_line' id='line_1_5' title="bbox 262 915 1321 1002; baseline 0 -18"><span class='ocrx_word' id='word_1_27' title='bbox 262 928 367 984; x_wconf 84' lang='lat' dir='ltr'><strong>mento</strong></span> <span class='ocrx_word' id='word_1_28' title='bbox 388 921 570 994; x_wconf 84' lang='lat' dir='ltr'><strong>iusoitorum</strong></span> <span class='ocrx_word' id='word_1_29' title='bbox 593 921 624 982; x_wconf 90' lang='lat' dir='ltr'><strong>in</strong></span> <span class='ocrx_word' id='word_1_30' title='bbox 650 927 740 981; x_wconf 78' lang='lat' dir='ltr'><strong>notos</strong></span> <span class='ocrx_word' id='word_1_31' title='bbox 772 915 981 997; x_wconf 85' lang='lat' dir='ltr'><strong>eonjeoimus;</strong></span> <span class='ocrx_word' id='word_1_32' title='bbox 1012 937 1082 981; x_wconf 85' lang='lat' dir='ltr'><strong>roro</strong></span> <span class='ocrx_word' id='word_1_33' title='bbox 1106 919 1196 982; x_wconf 82' lang='lat' dir='ltr'><strong>dubie</strong></span> <span class='ocrx_word' id='word_1_34' title='bbox 1225 930 1321 1002; x_wconf 78' lang='lat' dir='ltr'><strong>etque</strong></span> 
     </span>
     <span class='ocr_line' id='line_1_6' title="bbox 259 1044 1319 1126; baseline 0.001 -18"><span class='ocrx_word' id='word_1_35' title='bbox 259 1054 412 1126; x_wconf 82' lang='lat' dir='ltr'><strong>suspecte</strong></span> <span class='ocrx_word' id='word_1_36' title='bbox 436 1045 577 1107; x_wconf 81' lang='lat' dir='ltr'><strong>immisso</strong></span> <span class='ocrx_word' id='word_1_37' title='bbox 601 1053 718 1107; x_wconf 88' lang='lat' dir='ltr'><strong>tentum</strong></span> <span class='ocrx_word' id='word_1_38' title='bbox 741 1045 834 1126; x_wconf 81' lang='lat' dir='ltr'><strong>signo</strong></span> <span class='ocrx_word' id='word_1_39' title='bbox 860 1044 1070 1124; x_wconf 78' lang='lat' dir='ltr'><strong>interrogandi</strong></span> <span class='ocrx_word' id='word_1_40' title='bbox 1098 1044 1319 1126; x_wconf 77' lang='lat' dir='ltr'><strong>indimvimus3</strong></span> 
     </span>
    </p>
   </div>
   <div class='ocr_carea' id='block_1_3' title="bbox 258 1167 1377 1381">
    <p class='ocr_par' dir='ltr' id='par_1_3' title="bbox 258 1167 1377 1381">
     <span class='ocr_line' id='line_1_7' title="bbox 259 1167 1320 1255; baseline 0.001 -23"><span class='ocrx_word' id='word_1_41' title='bbox 259 1179 486 1254; x_wconf 79' lang='lat' dir='ltr'><strong>praetereoque</strong></span> <span class='ocrx_word' id='word_1_42' title='bbox 517 1189 667 1238; x_wconf 78' lang='lat' dir='ltr'><strong>uncorum</strong></span> <span class='ocrx_word' id='word_1_43' title='bbox 695 1170 756 1231; x_wconf 86' lang='lat' dir='ltr'><strong>olio</strong></span> <span class='ocrx_word' id='word_1_44' title='bbox 775 1186 895 1248; x_wconf 84' lang='lat' dir='ltr'><strong>genere</strong></span> <span class='ocrx_word' id='word_1_45' title='bbox 919 1167 1169 1249; x_wconf 74' lang='lat' dir='ltr'><strong>significavimus</strong></span> <span class='ocrx_word' id='word_1_46' title='bbox 1191 1172 1320 1255; x_wconf 76' lang='lat' dir='ltr'><strong>glosse-</strong></span> 
     </span>
     <span class='ocr_line' id='line_1_8' title="bbox 258 1293 1377 1381; baseline -0.002 -23"><span class='ocrx_word' id='word_1_47' title='bbox 258 1293 342 1358; x_wconf 79' lang='lat' dir='ltr'><strong>mate</strong></span> <span class='ocrx_word' id='word_1_48' title='bbox 372 1305 404 1359; x_wconf 89' lang='lat' dir='ltr'><strong>et</strong></span> <span class='ocrx_word' id='word_1_49' title='bbox 434 1295 555 1381; x_wconf 79' lang='lat' dir='ltr'><strong>spurio,</strong></span> <span class='ocrx_word' id='word_1_50' title='bbox 577 1298 646 1357; x_wconf 67' lang='lat' dir='ltr'><strong>‘otio</strong></span> <span class='ocrx_word' id='word_1_51' title='bbox 674 1293 891 1374; x_wconf 78' lang='lat' dir='ltr'><strong>supplementa</strong></span> <span class='ocrx_word' id='word_1_52' title='bbox 923 1293 1110 1357; x_wconf 82' lang='lat' dir='ltr'><strong>eruditorum</strong></span> <span class='ocrx_word' id='word_1_53' title='bbox 1141 1296 1324 1376; x_wconf 75' lang='lat' dir='ltr'><strong>probabilia:</strong></span> <span class='ocrx_word' id='word_1_54' title='bbox 1374 1300 1377 1314; x_wconf 77' lang='grc'>’</span> 
     </span>
    </p>
   </div>
   <div class='ocr_carea' id='block_1_4' title="bbox 259 1417 1374 2486">
    <p class='ocr_par' dir='ltr' id='par_1_4' title="bbox 259 1417 1321 1732">
     <span class='ocr_line' id='line_1_9' title="bbox 259 1417 1321 1503; baseline 0 -19"><span class='ocrx_word' id='word_1_55' title='bbox 259 1439 331 1484; x_wconf 83' lang='lat' dir='ltr'><strong>nem</strong></span> <span class='ocrx_word' id='word_1_56' title='bbox 351 1440 461 1484; x_wconf 84' lang='lat' dir='ltr'><strong>omnes</strong></span> <span class='ocrx_word' id='word_1_57' title='bbox 481 1437 588 1482; x_wconf 87' lang='lat' dir='ltr'><strong>eorum</strong></span> <span class='ocrx_word' id='word_1_58' title='bbox 614 1417 906 1481; x_wconf 80' lang='lat' dir='ltr'><strong>ouimadversioneo</strong></span> <span class='ocrx_word' id='word_1_59' title='bbox 935 1418 1232 1503; x_wconf 74' lang='lat' dir='ltr'><strong>emendationesque</strong></span> <span class='ocrx_word' id='word_1_60' title='bbox 1259 1431 1321 1484; x_wconf 72' lang='lat' dir='ltr'><strong>ex-</strong></span> 
     </span>
     <span class='ocr_line' id='line_1_10' title="bbox 261 1543 1320 1628; baseline 0 -19"><span class='ocrx_word' id='word_1_61' title='bbox 261 1554 368 1609; x_wconf 89' lang='lat' dir='ltr'><strong>outero</strong></span> <span class='ocrx_word' id='word_1_62' title='bbox 387 1563 448 1607; x_wconf 87' lang='lat' dir='ltr'><strong>neo</strong></span> <span class='ocrx_word' id='word_1_63' title='bbox 468 1543 616 1628; x_wconf 82' lang='lat' dir='ltr'><strong>vaoabet,</strong></span> <span class='ocrx_word' id='word_1_64' title='bbox 635 1563 739 1626; x_wconf 86' lang='lat' dir='ltr'><strong>neque</strong></span> <span class='ocrx_word' id='word_1_65' title='bbox 756 1544 837 1607; x_wconf 88' lang='lat' dir='ltr'><strong>odeo</strong></span> <span class='ocrx_word' id='word_1_66' title='bbox 865 1545 955 1607; x_wconf 73' lang='lat' dir='ltr'><strong>uilio·</strong></span> <span class='ocrx_word' id='word_1_67' title='bbox 985 1546 1017 1606; x_wconf 92' lang='lat' dir='ltr'><strong>iu</strong></span> <span class='ocrx_word' id='word_1_68' title='bbox 1034 1563 1101 1606; x_wconf 87' lang='lat' dir='ltr'><strong>rem</strong></span> <span class='ocrx_word' id='word_1_69' title='bbox 1126 1563 1203 1609; x_wconf 83' lang='lat' dir='ltr'><strong>ense</strong></span> <span class='ocrx_word' id='word_1_70' title='bbox 1226 1547 1320 1609; x_wconf 82' lang='lat' dir='ltr'><strong>vide-</strong></span> 
     </span>
     <span class='ocr_line' id='line_1_11' title="bbox 260 1670 358 1732; baseline 0.008 -1"><span class='ocrx_word' id='word_1_71' title='bbox 260 1670 358 1732; x_wconf 83' lang='lat' dir='ltr'><strong>botur.</strong></span> 
     </span>
    </p>

    <p class='ocr_par' dir='ltr' id='par_1_5' title="bbox 260 1795 1374 2248">
     <span class='ocr_line' id='line_1_12' title="bbox 336 1795 1319 1880; baseline 0 -22"><span class='ocrx_word' id='word_1_72' title='bbox 336 1795 506 1876; x_wconf 76' lang='lat' dir='ltr'><strong>Superest,</strong></span> <span class='ocrx_word' id='word_1_73' title='bbox 525 1805 558 1858; x_wconf 91' lang='lat' dir='ltr'><strong>ut</strong></span> <span class='ocrx_word' id='word_1_74' title='bbox 580 1797 663 1876; x_wconf 79' lang='lat' dir='ltr'><strong>siglo</strong></span> <span class='ocrx_word' id='word_1_75' title='bbox 685 1795 839 1878; x_wconf 75' lang='lat' dir='ltr'><strong>quaedem</strong></span> <span class='ocrx_word' id='word_1_76' title='bbox 858 1797 1034 1880; x_wconf 76' lang='lat' dir='ltr'><strong>explicem,</strong></span> <span class='ocrx_word' id='word_1_77' title='bbox 1053 1795 1166 1875; x_wconf 83' lang='lat' dir='ltr'><strong>quibus</strong></span> <span class='ocrx_word' id='word_1_78' title='bbox 1184 1798 1216 1860; x_wconf 89' lang='lat' dir='ltr'><strong>in</strong></span> <span class='ocrx_word' id='word_1_79' title='bbox 1237 1797 1319 1860; x_wconf 78' lang='lat' dir='ltr'><strong>notin</strong></span> 
     </span>
     <span class='ocr_line' id='line_1_13' title="bbox 260 1918 1374 2005; baseline 0.004 -24"><span class='ocrx_word' id='word_1_80' title='bbox 260 1937 339 1981; x_wconf 83' lang='lat' dir='ltr'><strong>usus</strong></span> <span class='ocrx_word' id='word_1_81' title='bbox 354 1937 440 1980; x_wconf 79' lang='lat' dir='ltr'><strong>num:</strong></span> <span class='ocrx_word' id='word_1_82' title='bbox 459 1920 582 1983; x_wconf 80' lang='lat' dir='ltr'><strong>soilioet</strong></span> <span class='ocrx_word' id='word_1_83' title='bbox 597 1921 653 1984; x_wconf 90' lang='lat' dir='ltr'><strong>Kr.</strong></span> <span class='ocrx_word' id='word_1_84' title='bbox 666 1921 785 1984; x_wconf 86' lang='lat' dir='ltr'><strong>indioot</strong></span> <span class='ocrx_word' id='word_1_85' title='bbox 796 1921 1036 2004; x_wconf 75' lang='lat' dir='ltr'><strong>Kreyssigium3</strong></span> <span class='ocrx_word' id='word_1_86' title='bbox 1057 1919 1121 2004; x_wconf 89' lang='lat' dir='ltr'><strong>0r.,</strong></span> <span class='ocrx_word' id='word_1_87' title='bbox 1142 1918 1189 2004; x_wconf 79' lang='lat' dir='ltr'><strong>lt,</strong></span> <span class='ocrx_word' id='word_1_88' title='bbox 1208 1921 1320 2005; x_wconf 76' lang='lat' dir='ltr'><strong>libem,</strong></span> <span class='ocrx_word' id='word_1_89' title='bbox 1370 1987 1374 2000; x_wconf 77' lang='grc'><em>,</em></span> 
     </span>
     <span class='ocr_line' id='line_1_14' title="bbox 261 2044 1318 2137; baseline 0.004 -31"><span class='ocrx_word' id='word_1_90' title='bbox 261 2044 426 2128; x_wconf 85' lang='lat' dir='ltr'><strong>Oreitium,</strong></span> <span class='ocrx_word' id='word_1_91' title='bbox 453 2044 692 2137; x_wconf 81' lang='lat' dir='ltr'><strong>Ruhnkenium,</strong></span> <span class='ocrx_word' id='word_1_92' title='bbox 722 2045 928 2126; x_wconf 74' lang='lat' dir='ltr'><strong>Rheoouum3</strong></span> <span class='ocrx_word' id='word_1_93' title='bbox 959 2046 1094 2128; x_wconf 87' lang='lat' dir='ltr'><strong>denique</strong></span> <span class='ocrx_word' id='word_1_94' title='bbox 1113 2045 1197 2108; x_wconf 89' lang='lat' dir='ltr'><strong>Vell.</strong></span> <span class='ocrx_word' id='word_1_95' title='bbox 1216 2047 1318 2130; x_wconf 83' lang='lat' dir='ltr'><strong>ipsum</strong></span> 
     </span>
     <span class='ocr_line' id='line_1_15' title="bbox 262 2170 431 2248; baseline 0 -16"><span class='ocrx_word' id='word_1_96' title='bbox 262 2170 431 2248; x_wconf 82' lang='lat' dir='ltr'><strong>Veliejum.</strong></span> 
     </span>
    </p>

    <p class='ocr_par' dir='ltr' id='par_1_6' title="bbox 260 2295 1317 2486">
     <span class='ocr_line' id='line_1_16' title="bbox 335 2295 1317 2382; baseline 0.001 -25"><span class='ocrx_word' id='word_1_97' title='bbox 335 2295 466 2381; x_wconf 85' lang='lat' dir='ltr'><strong>Velete,</strong></span> <span class='ocrx_word' id='word_1_98' title='bbox 495 2298 647 2382; x_wconf 76' lang='lat' dir='ltr'><strong>leuiores,</strong></span> <span class='ocrx_word' id='word_1_99' title='bbox 679 2314 883 2382; x_wconf 79' lang='lat' dir='ltr'><strong>operamque,</strong></span> <span class='ocrx_word' id='word_1_100' title='bbox 914 2296 1004 2358; x_wconf 87' lang='lat' dir='ltr'><strong>bouis</strong></span> <span class='ocrx_word' id='word_1_101' title='bbox 1035 2298 1145 2360; x_wconf 86' lang='lat' dir='ltr'><strong>litteris</strong></span> <span class='ocrx_word' id='word_1_102' title='bbox 1174 2297 1317 2377; x_wconf 79' lang='lat' dir='ltr'><strong>dientem,</strong></span> 
     </span>
     <span class='ocr_line' id='line_1_17' title="bbox 260 2422 681 2486; baseline 0.005 -4"><span class='ocrx_word' id='word_1_103' title='bbox 260 2430 397 2484; x_wconf 78' lang='lat' dir='ltr'><strong>nostrum</strong></span> <span class='ocrx_word' id='word_1_104' title='bbox 418 2422 489 2486; x_wconf 87' lang='lat' dir='ltr'><strong>boni</strong></span> <span class='ocrx_word' id='word_1_105' title='bbox 509 2424 681 2486; x_wconf 75' lang='lat' dir='ltr'><strong>consulite!</strong></span> 
     </span>
    </p>
   </div>
   <div class='ocr_carea' id='block_1_5' title="bbox 261 2546 1318 2748">
    <p class='ocr_par' dir='ltr' id='par_1_7' title="bbox 261 2546 1318 2748">
     <span class='ocr_line' id='line_1_18' title="bbox 336 2546 1318 2631; baseline 0.002 -24"><span class='ocrx_word' id='word_1_106' title='bbox 336 2546 456 2608; x_wconf 83' lang='lat' dir='ltr'><strong>Debom</strong></span> <span class='ocrx_word' id='word_1_107' title='bbox 493 2547 695 2611; x_wconf 70' lang='lat' dir='ltr'><strong>Constantine</strong></span> <span class='ocrx_word' id='word_1_108' title='bbox 727 2547 767 2612; x_wconf 85' lang='lat' dir='ltr'><strong>ud</strong></span> <span class='ocrx_word' id='word_1_109' title='bbox 800 2549 901 2611; x_wconf 82' lang='lat' dir='ltr'><strong>locum</strong></span> <span class='ocrx_word' id='word_1_110' title='bbox 935 2548 1164 2631; x_wconf 76' lang='lat' dir='ltr'><strong>Brigantinum,</strong></span> <span class='ocrx_word' id='word_1_111' title='bbox 1206 2565 1318 2610; x_wconf 83' lang='lat' dir='ltr'><strong>mense</strong></span> 
     </span>
     <span class='ocr_line' id='line_1_19' title="bbox 261 2669 560 2748; baseline 0.013 -18"><span class='ocrx_word' id='word_1_112' title='bbox 261 2669 349 2748; x_wconf 84' lang='lat' dir='ltr'><strong>Mejo</strong></span> <span class='ocrx_word' id='word_1_113' title='bbox 370 2673 441 2732; x_wconf 84' lang='lat' dir='ltr'><strong>enni</strong></span> <span class='ocrx_word' id='word_1_114' title='bbox 466 2670 560 2736; x_wconf 85' lang='grc'><strong>1837.</strong></span> 
     </span>
    </p>
   </div>
   <div class='ocr_carea' id='block_1_6' title="bbox 0 0 1504 4896">
    <p class='ocr_par' dir='ltr' id='par_1_8' title="bbox 0 0 1504 4896">
     <span class='ocr_line' id='line_1_20' title="bbox 0 0 1504 4896; baseline 0 0"><span class='ocrx_word' id='word_1_115' title='bbox 0 0 1504 4896; x_wconf 95' lang='lat' dir='ltr'><strong> </strong></span> 
     </span>
    </p>
   </div>
  </div>
 </body>
</html>
