2978 4886
224 401 226 406 ,
282 319 354 400 108
729 351 891 402 vnnnnrr

248 557 251 564 ,
280 495 390 567 fidene,
411 500 536 574 redono
559 497 704 568 beneficio
731 495 792 572 [ue
810 493 986 572 permisso]
1009 499 1236 574 removemur,
1262 513 1340 572 qnos

282 602 356 653 ante
378 598 556 672 audiebam,
579 600 668 656 bodie
684 600 753 654 cide
767 603 856 670 deos,
878 597 1120 668 neeselr'eiorem
1143 601 1341 656 ullumne'toe

259 705 367 754 ‘ureae
384 705 441 756 ant
462 702 568 771 optavi
583 705 641 756 eut
663 700 749 754 seori
771 701 857 755 diem
883 697 1124 776 ¹Impetratoque
1136 739 1145 781 ,
1156 704 1196 758 nt
1214 711 1338 768 manum

280 793 496 878 contingeret,
525 811 678 856 rev-ersus
698 795 729 853 iu
750 794 943 878 naviculam,
973 795 1043 856 sine
1057 793 1131 855 *fine
1157 802 1338 876 respectans

204 965 209 973 .
282 893 472 977 Caesarem,
503 895 589 974 ripae
620 911 747 957 suorum
782 895 932 976 appulsus
966 904 1027 959 est.
1068 895 1178 958 Victor
1207 893 1336 958 omnium

174 993 175 1000 ’
280 994 419 1076 gentium
439 995 658 1078 locorumque,
690 1013 770 1076 quos
796 994 930 1079 adierat,
960 995 1099 1080 Caesar,
1130 995 1335 1058 irreolnmiin-

281 1094 476 1176 violatoque,
505 1104 536 1157 et
556 1091 657 1157 semel
676 1095 901 1180 tantummodo,
930 1115 1045 1176 magna
1069 1115 1143 1158 cum
1164 1096 1252 1159 clade
1279 1095 1335 1155 bo-

282 1194 390 1278 stium,
410 1195 520 1259 srnude
539 1215 647 1258 eorum
666 1205 782 1259 tentato
802 1197 960 1280 exercitu,
986 1197 1018 1258 iu
1044 1189 1181 1260 lriberna‘
1200 1197 1339 1276 legiones

281 1295 414 1382 reduxit,
435 1297 557 1382 eadem,
577 1316 638 1377 qun
658 1299 760 1377 priore
776 1316 867 1381 anno,
887 1297 1085 1360 festinatione
1100 1298 1209 1359 urbem
1222 1305 1342 1378 petens.

207 1407 272 1472 108
307 1417 311 1440 r
356 1398 444 1460 Nilrll
463 1407 529 1458 erat
544 1397 610 1477 jam
630 1397 661 1458 in
675 1395 856 1481 Germania,
878 1398 961 1480 quod
974 1397 1059 1460 vinci
1077 1407 1201 1480 posset,
1220 1404 1343 1478 praeter

280 1505 408 1576 gentem
427 1497 731 1584 Marcomannorum,
753 1517 834 1580 qnae
853 1499 1048 1574 Maroboduo
1062 1498 1143 1561 duce
1163 1500 1269 1560 excita
1286 1515 1343 1557 se·

183 1626 185 1634 1
280 1595 370 1658 dibus
391 1597 475 1682 suis,
501 1607 594 1680 atque
615 1599 647 1659 in
667 1599 813 1661 interiora
832 1599 1012 1685 refugiens,
1037 1600 1191 1662 incinctos
1212 1600 1344 1680 Hercy-

280 1697 331 1759 nia
360 1699 442 1760 silva
469 1717 599 1781 campos
627 1699 791 1774 incolebat
839 1701 934 1763 Nulla
964 1700 1119 1763 festinatio
1157 1686 1249 1779 lrujns
1282 1697 1343 1756 viri

241 1790 255 1858 s
279 1799 467 1862 mentionem
486 1799 664 1882 transgredi
686 1799 789 1866 debet.
828 1800 1042 1864 Maroboduus
1069 1819 1189 1883 genere
1220 1798 1342 1877 nobilis,

281 1887 412 1978 corpore
431 1902 637 1983 praevalenS,
659 1903 760 1966 nnimo
779 1901 886 1988 ferox,
907 1903 1029 1964 natione
1048 1902 1151 1983 magis
1173 1919 1265 1980 quam
1287 1917 1342 1961 rn-

279 2000 362 2058 tione
382 1997 552 2082 barbarus,
571 2019 634 2059 non
654 2002 900 2082 tumultuarium,
919 2021 1023 2085 neque
1044 2001 1217 2084 fortuitum,
1237 2019 1343 2082 neque

273 2097 424 2183 mobilem
442 2106 473 2159 et
493 2115 535 2158 ex
554 2099 712 2160 voluntate
732 2100 904 2180 parentium
925 2111 1135 2176 constantem,
1164 2102 1245 2164 iuter
1264 2118 1343 2162 suos

281 2199 448 2286 occupavit
460 2199 674 2284 principatum,
694 2199 764 2284 sed,
774 2209 893 2261 certum
905 2201 1069 2281 imperium
1080 2204 1208 2283 vimque
1221 2203 1343 2288 regiam

281 2300 465 2379 complexus
485 2300 604 2382 nnimo,
623 2301 739 2382 statuit,
758 2308 891 2367 evocata
909 2302 1017 2382 procul
1037 2320 1056 2362 a
1075 2301 1226 2384 Romanis
1245 2310 1344 2380 gente

282 2417 360 2487 sna,
381 2419 420 2488 eo
439 2401 606 2487 progredi,
625 2401 693 2485 ubi,
724 2419 796 2465 cum
814 2411 940 2483 propter
958 2402 1130 2481 potentiora
1148 2416 1233 2462 arma
1252 2401 1343 2463 relu-

282 2502 404 2584 gisset,
434 2520 493 2563 sua
512 2503 876 2584 faneretpotenrisrtmn.
926 2503 1097 2584 Occupatis
1117 2503 1229 2585 igitur,
1261 2521 1343 2584 qnos

281 2601 513 2688 praediximus,
538 2604 619 2668 loeis
646 2605 794 2669 finitimos
819 2622 929 2666 omnes
955 2613 1008 2667 aut
1027 2603 1261 2688 bellorlomuit,
1288 2614 1342 2666 eut

283 2703 509 2766 conditionibus
522 2692 603 2785 juris
625 2708 675 2768 sui
695 2706 782 2770 fecit
805 2759 806 2762 ι

211 2809 272 2876 109
290 2815 291 2820 ’
358 2803 483 2883 Corpus
503 2823 594 2868 suum
613 2808 756 2870 custodia
774 2817 887 2890 tutum,
907 2806 1110 2893 [imperium,]
1131 2815 1162 2867 et
1181 2805 1341 2885 perpetuis

282 2905 444 2968 exercitiis
463 2924 565 2987 paene
584 2907 625 2971 ad
642 2908 805 2972 Romanae
825 2909 1008 2990 disciplinae
1027 2906 1157 2970 formam
1170 2906 1340 2988 redactum,

282 3005 372 3068 brevi
390 3007 421 3068 iu
442 3009 586 3072 eminens
606 3019 638 3074 et
656 3021 762 3074 nostro
782 3029 908 3093 quoque
925 3010 1056 3091 imperio
1076 3008 1242 3072 timendum
1263 3026 1340 3089 per-

282 3199 377 3262 iragm.
395 3198 443 3264 11,
458 3204 510 3251 ete.
527 3227 562 3240 ·-
586 3200 641 3266 [cre
653 3203 810 3268 permissu]
827 3205 972 3267 glossenra.
988 3226 1024 3239 -·
1040 3203 1181 3255 ineolumi·
1196 3213 1338 3265 perperam

279 3286 357 3340 libri:
382 3302 443 3338 cum
464 3289 547 3342 inenl.
565 3291 760 3342 intellexeruut
778 3291 920 3357 Herelius,
939 3289 1064 3353 Cludius,
1086 3291 1133 3340 Kr.

349 3372 411 3423 108.
447 3377 590 3441 Hercynia
613 3378 695 3434 silon.
720 3381 883 3443 stenelus,
908 3379 1040 3442 probante
1057 3379 1106 3444 ll.,
1134 3391 1183 3440 pro
1203 3379 1340 3430 ll-oiue

280 3463 379 3515 siluae.

349 3550 413 3600 109.
449 3549 692 3603 tutum=t3rollius
720 3555 784 3604 libri
807 3567 979 3617 perperam:=
995 3552 1060 3606 turri.
1091 3578 1126 3588 —
1157 3547 1336 3618 [imperium]

210 3635 212 3652 '
281 3640 427 3702 explicatio
442 3641 521 3689 verbi
537 3637 662 3706 Corpus,
677 3654 730 3702 quo
744 3643 912 3705 significatur
929 3643 1094 3693 universitas
1108 3643 1229 3704 gentium
1245 3645 1334 3691 Mero·

281 3729 370 3778 bodun
388 3723 578 3791 subjectarum.
599 3727 666 3774 nihil
681 3729 725 3776 lde
742 3731 869 3780 viderunt
887 3731 912 3778 R
927 3734 955 3779 et
968 3732 1146 3792 interpretes,
1174 3727 1335 3779 somniantes

281 3814 324 3864 illi
339 3819 373 3866 de
386 3815 562 3878 satellitibus,
576 3815 670 3876 quibus
687 3827 785 3876 corpus
805 3831 882 3866 suum
892 3819 1074 3868 Maroboduus
1090 3818 1243 3876 muniverit,
1260 3823 1336 3862 more

283 3903 561 3968 tyrannorum,1'enm
573 3901 646 3954 Vell.
664 3903 820 3954 custodiam
838 3908 910 3956 dieat
923 3907 1052 3955 montium
1068 3907 1096 3953 et
1111 3905 1256 3964 silvarum,
1276 3902 1336 3960 qui-

285 3989 334 4036 bus
350 3993 399 4040 tuti
418 3996 495 4043 erant
514 3993 540 4042 ei
552 3995 681 4056 parentes
699 3990 808 4054 populi3
833 3997 888 4042 tnnr
903 3993 989 4040 verba
1001 3992 1144 4040 nanmsinra
1162 3994 1262 4040 temere
1275 3999 1335 4036 nru-

286 4076 373 4124 tautes
390 4079 542 4146 inutilibus,
561 4080 606 4131 vel
623 4093 708 4143 prnva
727 4082 901 4130 immittentes
907 4093 916 4140 3
937 4079 1017 4139 idque
1038 4079 1132 4137 purtim
1149 4089 1184 4126 ne
1199 4077 1335 4126 admonito

286 4166 391 4230 quiden
407 4164 525 4234 lectore,
541 4172 610 4232 quod
625 4171 667 4219 est
679 4169 816 4232 flagitium.
832 4193 866 4202 -
882 4165 958 4229 libri,
976 4166 1083 4216 omissis
1099 4163 1253 4213 similibus:v
1264 4165 1335 4214 bello
1385 4177 1387 4182 ·

286 4269 337 4310 nor
358 4256 555 4323 lacesseretur,
577 4253 926 4324 superesse-resistendi.
957 4254 1057 4321 nepoti
1074 4257 1125 4304 ete.
1143 4252 1336 4314 suppleverunt
