2998 4896
272 327 318 400 62
718 351 880 402 rounam

273 493 454 576 ditionibus]
475 494 564 558 finire
584 495 697 558 bellum
717 513 810 577 quam
840 496 1015 577 opprimere
1048 494 1232 578 fugientes,
1268 521 1346 566 eum

273 605 495 680 transgressos
515 598 689 678 reperisset
707 597 877 677 consules,
898 597 929 658 irr
949 596 1058 658 urbem
1077 599 1226 677 revertit3
1261 605 1348 665 red-

273 695 400 778 ditaque
419 698 538 760 ratione
559 696 758 762 consiliomm
781 714 908 760 suerum
939 697 986 776 [in
1006 705 1118 760 senatu
1145 707 1178 762 et
1201 700 1231 762 in
1252 720 1341 766 eon-

274 797 399 882 cione,]
421 815 461 860 ac
485 798 680 860 miserrimae
705 796 968 884 necessitudinis,
1000 817 1072 861 curn
1101 800 1211 862 alienis
1236 805 1337 866 armis

274 899 315 962 ad
334 917 420 972 arma
439 899 621 979 compulsus
641 907 750 980 esset,
769 897 942 978 Hispanias
962 909 1073 980 petere
1092 900 1243 965 decrevit.
1261 903 1334 966 Fe-

275 1003 472 1064 stinetionem
502 1001 623 1064 itineris
650 999 721 1080 ejus
748 998 935 1080 aliquamdiu
963 1008 1083 1062 morata
1103 1001 1249 1063 Massilia
1272 1015 1333 1090 est,

274 1104 338 1169 tide
357 1104 466 1168 melior
487 1121 579 1185 quam
600 1103 731 1166 consilio
751 1099 950 1182 prudentior,
973 1100 1196 1182 intempestive
1216 1105 1331 1184 prinei-

238 1195 239 1202 *
274 1209 389 1288 palium
405 1225 560 1270 armorum
581 1205 704 1269 arbitria
724 1211 864 1283 captans,
885 1200 997 1282 quihus
1010 1202 1042 1263 hi
1058 1220 1096 1263 se
1109 1202 1225 1266 debent
1237 1206 1336 1270 inter-

274 1328 414 1393 ponere,
447 1309 498 1390 qui
529 1327 592 1370 non
622 1312 784 1384 parentem
814 1306 965 1366 coercere
986 1313 1130 1384 possunt.
1166 1305 1341 1372 Exercitus

245 1428 248 1434 ·
276 1407 409 1488 deinde,
445 1408 497 1486 qui
526 1404 584 1466 sub
611 1404 741 1467 Afranio
769 1405 924 1468 consulari
956 1421 996 1466 ac
1024 1405 1151 1486 Petrejo
1181 1411 1341 1488 praetorio

275 1508 390 1588 hrerat,
426 1506 526 1587 ipsiu·
550 1503 706 1572 adventus
735 1507 847 1587 vigore
874 1523 913 1568 ee
938 1505 1062 1587 irrigare
1083 1517 1275 1594 occupatus,
1300 1529 1342 1574 se

276 1607 409 1670 Caesari
430 1606 562 1673 tradidit.
602 1609 743 1689 Uterque
762 1608 947 1688 legatorum,
968 1616 999 1670 et
1019 1607 1163 1689 quisquis
1184 1609 1341 1692 cujusque

275 1709 395 1774 ordinis
415 1710 508 1792 sequi
528 1727 586 1774 eos
605 1710 764 1793 voluerat,
784 1708 911 1772 remissi
931 1708 971 1770 ad
990 1710 1184 1792 Pompejum.

227 1819 266 1882 51
354 1813 502 1876 Proximo
529 1830 626 1896 anno,
661 1830 732 1874 oum
753 1811 984 1894 Dyrrhachium
1013 1829 1051 1874 ao
1079 1813 1186 1876 vicina
1213 1815 1249 1876 ei
1269 1815 1341 1878 urbi

278 1915 369 1997 regio
390 1916 504 1976 eastris
524 1913 666 1993 Pompeji
685 1922 863 1994 teneretur,
898 1913 984 1996 (qui,
1005 1913 1116 1978 accitis
1136 1933 1177 1978 ex
1197 1916 1342 1980 omnibus

278 2015 494 2080 transmarinis
517 2013 690 2093 provinciis
711 2013 903 2096 [legionibus
911 2015 937 2095 ,]
970 2016 1107 2098 equitum
1136 2035 1176 2080 ae
1204 2018 1341 2100 peditum

279 2115 421 2199 auxiliis,
441 2125 617 2196 regumque
637 2122 669 2175 et
688 2114 928 2201 tetrarcharum,
948 2117 1039 2179 simul
1059 2117 1262 2198 dynastarum
1282 2139 1343 2182 co-

279 2215 357 2305 piis,
386 2218 553 2282 immanem
580 2214 753 2278 exercitum
780 2213 978 2298 coniecerat,
1007 2228 1039 2281 et
1069 2236 1155 2280 mare
1174 2222 1369 2300 praesidiis

280 2321 449 2402 classium,
468 2327 502 2382 ut
521 2317 655 2398 rebatur,
675 2323 831 2396 sepserat,
852 2334 913 2397 quo
932 2317 1036 2380 minus
1057 2318 1178 2382 Caesar
1197 2321 1346 2400 legiones

278 2431 391 2504 posset
412 2420 638 2499 transmittere)
658 2438 717 2482 sua
737 2427 769 2482 et
788 2419 948 2482 celeritate
969 2426 1000 2480 et
1021 2418 1143 2482 fortuna
1161 2417 1200 2482 C.
1218 2419 1342 2486 Caesar
1405 2415 1407 2418 ’

279 2540 360 2584 usus
380 2523 455 2586 nihil
473 2523 505 2582 in
525 2540 611 2583 mora
632 2521 751 2608 hahuit,
774 2540 836 2603 quo
855 2521 958 2603 minus
978 2539 1036 2603 ee,
1056 2540 1118 2603 quo
1139 2522 1251 2608 vellet,
1270 2523 1341 2604 ipse

281 2620 507 2700 exercitusque
527 2621 685 2684 classibus
704 2624 903 2706 perveniret,
929 2632 962 2684 et
980 2624 1079 2704 primo
1098 2641 1200 2704 paene
1228 2624 1342 2686 castris

280 2719 422 2801 Pompeji
444 2737 502 2782 sua
519 2719 681 2806 jungeret,
698 2740 773 2786 mox
786 2725 880 2793 etiam
900 2723 1060 2786 obsidione
1079 2723 1339 2804 munimentisque

281 2841 355 2886 eum
374 2823 644 2903 complecteretur.
684 2823 751 2907 Sed
765 2825 869 2905 inopia
889 2824 1102 2888 obsidentibus
1116 2841 1208 2905 quam
1224 2824 1341 2888 obses·

281 2927 328 2990 sie
349 2933 416 2990 eret
435 2925 573 3008 gravior.
612 2925 691 2988 llum
714 2925 832 2988 Balbus
859 2925 1044 3011 Cornelius,
1072 2926 1249 2992 excedente
1278 2926 1341 2990 hu·

281 3045 404 3090 manem
423 3028 517 3094 iidem
540 3027 730 3111 temeritate,
762 3027 930 3110 ingressus
952 3038 1056 3093 eastra
1083 3029 1235 3114 hostium,
1264 3048 1344 3093 sae·

281 3129 417 3210 piusque
437 3149 509 3193 cum
527 3131 661 3194 Lentulo
681 3130 853 3194 collocutus
874 3132 1021 3214 consule,
1043 3131 1217 3215 dubitante,
1238 3132 1343 3214 quanti

283 3312 312 3356 et
327 3308 413 3356 verba
431 3306 481 3357 illa
498 3309 527 3360 in
545 3314 644 3362 senatu
664 3313 692 3362 et
708 3310 737 3359 in
751 3310 902 3372 echeleum
923 3323 991 3374 quae
1011 3313 1035 3360 si
1056 3312 1116 3374 quis
1133 3313 1239 3378 tuetur,
1268 3313 1346 3364 certe

282 3394 426 3444 inserenda
444 3397 507 3442 sunl
524 3395 586 3457 post
603 3398 784 3464 redditaqrce3
812 3411 907 3450 verum
932 3401 990 3460 ipse
1018 3399 1096 3449 loeus
1120 3391 1219 3452 eorum¹
1239 3399 1342 3450 alienus

283 3484 405 3533 haudem
423 3482 533 3530 indicat.
933 3543 937 3550 Ι

353 3570 397 3622 tii.
433 3567 624 3636 [lepionibus]
640 3543 834 3637 interpretatid
844 3578 1026 3638 proximorum
1035 3577 1191 3635 verborum,
1202 3573 1348 3622 molestior

284 3675 332 3726 eo,
360 3663 432 3724 quod
455 3661 577 3722 sequitur
604 3661 697 3709 eadem
723 3667 860 3714 sententia
883 3665 1013 3730 lepiones.
1042 3687 1077 3695 -
1104 3673 1154 3728 eo,
1178 3671 1231 3724 quo
1251 3659 1347 3708 eelim·

284 3752 377 3801 cedd-e
407 3752 450 3816 ct,
468 3761 530 3800 cum
551 3763 577 3799 e.
596 3747 754 3798 selenites:
785 3755 813 3803 et
833 3765 887 3816 qao
903 3767 930 3803 c.
961 3773 996 3790 ·-
1014 3749 1170 3815 Hispaniae
1194 3742 1347 3807 atemere,

284 3842 330 3900 qui
346 3853 377 3890 ee
396 3839 527 3901 Hispania
542 3835 621 3886 velut
645 3836 798 3903 abdicavit,
823 3840 864 3889 nil
880 3843 934 3892 nisi
953 3841 1103 3892 Romanum
1120 3838 1236 3901 spirans.
1265 3827 1345 3877 libri:

285 3927 420 3990 Hisponis
445 3927 603 3993 cebamus,
634 3924 783 3974 confusisl
810 3931 838 3977 et
864 3941 878 3976 s
901 3927 1018 3994 litteris,
1048 3931 1078 3976 ut
1098 3928 1129 3976 iit
1149 3929 1346 3986 nonnunquam.

286 4017 409 4066 correxit
429 4015 556 4068 crollius

244 4144 246 4156 ,
355 4101 400 4152 eb.
435 4108 532 4168 porta.
562 4106 641 4156 rems
668 4102 751 4154 liber:
783 4103 903 4166 portem.
930 4104 972 4154 ad.
1000 4103 1082 4158 Baeti.
1109 4104 1138 4151 et
1161 4098 1347 4150 recentiores:

288 4192 431 4260 portium,
457 4191 691 4246 caesarianorum.
726 4194 775 4244 sed
802 4191 953 4255 generatim
982 4193 1052 4254 apud
1080 4201 1174 4244 aranee
1202 4201 1236 4239 eo
1268 4188 1351 4238 medo

295 4283 373 4336 antici
388 4280 431 4332 illi
447 4282 633 4344 dignationem
658 4284 851 4346 acquisitorum
878 4292 940 4333 esse
966 4276 1121 4348 Pompeium
1140 4279 1353 4335 annumerans
