2990 4894
586 399 688 450 nrsr.
715 399 751 446 n.
779 399 823 447 ιι.
964 458 967 464 ι
1182 371 1232 444 al
1314 361 1316 366 ’

168 551 263 636 mari,
295 548 336 610 ad
364 567 401 609 se
428 543 665 624 exercitumque
683 539 842 602 *tuendum
862 546 951 620 rapto
969 537 1129 621 utebatur,
1162 555 1234 604 cunr
1331 617 1333 623 k

167 665 240 712 oum
259 667 321 711 non
345 647 535 728 depuderet,
555 642 745 704 vindicatum
765 641 861 704 armis
883 658 924 704 ac
946 639 1043 704 ductu
1067 638 1234 719 patrissui

168 768 255 814 mare
273 749 425 812 infestare
446 743 587 826 piraticis
606 742 771 806 celeribus.

244 848 369 912 llractis
379 844 537 908 Brutianis
551 843 780 926 (laesionisque
793 838 934 924 partibus
946 843 1114 926 Antonius,
1129 851 1235 904 ιιιιιιε-
1245 839 1293 908 tt

167 953 306 1018 marinas
326 947 466 1010 obiturus
484 945 675 1029 provincias,
696 943 848 1026 substitit3
868 943 991 1006 Caesar
1010 943 1181 1005 in'ltaliam
1199 962 1237 1006 se

169 1051 306 1134 recepit,
340 1065 474 1130 eamque
503 1049 611 1129 longa
631 1063 738 1128 quam·
760 1054 946 1125 speraverat
972 1045 1239 1108 tumultuosiorem

172 1151 297 1233 reperit
337 1147 462 1231 Quippe
493 1151 532 1211 L.
560 1148 717 1211 Antonius
740 1147 869 1228 consul,
897 1147 1042 1208 vitiorum
1059 1146 1164 1209 fratris
1188 1147 1244 1209 sui

170 1269 323 1332 consors,
345 1253 405 1313 sed
419 1253 582 1332 virtutum,
601 1266 686 1332 quae
698 1246 854 1308 interdum
872 1248 904 1308 in
916 1247 969 1309 illo
986 1256 1090 1329 erant,
1111 1264 1239 1332 expers,

113 1429 115 1436 Ι
170 1351 264 1414 modo
289 1351 371 1432 apud
401 1361 572 1436 ueteranos
604 1350 786 1414 criminatus
821 1347 1016 1431 Caesarem,
1049 1349 1142 1410 modo
1170 1365 1239 1428 eos,

153 1453 225 1536 ‚qui
236 1452 329 1534 jussa
349 1451 504 1515 divisione
524 1451 721 1533 praediorum
745 1449 975 1533 nominatisque
990 1433 1122 1512 coloniis
1142 1467 1239 1532 agros

171 1555 357 1632 amiserant,
376 1553 418 1615 ad
442 1570 528 1615 arma
546 1553 715 1635 conciens,
745 1569 894 1634 magnum
918 1551 1092 1614 exercitum
1117 1552 1239 1614 conda-

172 1665 273 1720 verat.
311 1657 363 1718 Ex
382 1657 480 1718 altera
498 1664 586 1738 parte
603 1671 684 1716 uxor
702 1653 829 1716 Antonii
846 1653 976 1731 Pulvis,
997 1653 1071 1743 nilril
1087 1653 1239 1716 muliebre

170 1766 296 1839 praeter
315 1773 431 1839 corpus
453 1775 590 1840 gerens,
612 1756 714 1816 omnia
735 1755 831 1815 armis
858 1755 1051 1834 tumultuque
1076 1755 1238 1816 miscebat.

173 1859 266 1920 Haec
294 1857 366 1920 belli
396 1857 508 1919 sedem
534 1858 708 1918 Praeneste
737 1865 882 1937 ceperat3
915 1857 1089 1942 Antonius,
1128 1857 1239 1936 pulsus

175 1957 314 2041 undique
329 1957 448 2020 viribus
466 1956 629 2040 Caesaris,
647 1955 812 2018 Perusiam
829 1974 867 2017 se
884 1957 1070 2038 contulerat,
1090 1957 1238 2042 Plancus,

131 2051 132 2055 ’
174 2060 419 2122 Antonianarum
437 2058 560 2138 adjutor
579 2058 727 2140 partium,
748 2076 838 2138 spem
852 2059 956 2144 magis
979 2057 1161 2121 ostenderat
1178 2075 1239 2120 au-

171 2162 239 2222 xilii
264 2179 356 2243 quam
385 2179 477 2242 opem
502 2159 622 2222 ferebat
643 2159 822 2240 [Antonio].
859 2160 948 2222 Usus
969 2159 1093 2221 Caesar
1125 2160 1239 2221 mrtute

114 2265 118 2274 '
175 2272 208 2326 et
226 2262 349 2326 fortuna
368 2281 426 2325 sua
448 2263 614 2324 Perusiam
638 2263 851 2344 expugnavit,
870 2261 1039 2322 Antonium
1059 2259 1239 2320 inviolatum

172 2365 301 2446 dimisit,
334 2365 366 2426 in
387 2365 561 2428 Perusinos
592 2364 696 2442 magis
721 2363 769 2422 ira
797 2361 925 2421 militum
958 2377 1050 2438 quam
1069 2357 1239 2422 'voluntate

173 2466 330 2528 saevitum
349 2465 450 2527 ducis.
489 2465 574 2526 Urbs
591 2465 740 2540 incensa3
762 2448 853 2542 cnjus
866 2460 985 2522 initium
1000 2459 1137 2522 incendii
1149 2461 1239 2540 prin-

174 2583 255 2645 ceps
285 2565 357 2642 ejus
384 2564 445 2624 loci
477 2562 555 2624 iecit
587 2563 833 2644 Macedonicus,
866 2561 936 2644 qui,
969 2560 1113 2641 subjecto
1142 2561 1239 2624 rebus

175 2684 216 2730 ac
235 2664 399 2748 penatibus
415 2663 483 2726 suia
498 2664 574 2748 igni,
594 2663 777 2726 transfixum
797 2682 835 2726 se
855 2661 959 2746 gladio
973 2663 1116 2725 flammae
1129 2663 1237 2726 intulit.

241 2767 315 2828 Per
343 2766 454 2828 eadem
486 2775 627 2846 tempora
655 2775 818 2828 exarserat
843 2766 875 2827 in
909 2764 1081 2845 Campania
1114 2765 1289 2850 bellum,75

176 2868 277 2952 quod,
296 2867 462 2949 professus
478 2887 594 2954 eorum,
618 2869 671 2950 qui
689 2867 887 2950 perdiderant
903 2885 1010 2948 agros,
1024 2868 1238 2950 patrocinium,

176 2969 279 3030 ciebat
311 2968 379 3029 'riu
408 2967 559 3031 Claudius
584 2969 690 3048 Nero,
721 2975 897 3050 praetorius
920 2978 951 3030 et
975 2967 1134 3050 pontifex,
1167 2968 1236 3034 'Pila

177 3067 329 3130 Caesaris
351 3077 456 3150 pater,
476 3069 582 3148 magni
597 3069 647 3130 vir
668 3071 761 3132 animi
784 3069 1013 3150 clarissimique
1036 3069 1175 3150 ingemi.-
1201 3069 1238 3132 ld

180 3339 261 3401 dens,
287 3333 420 3400 Vellejus.
437 3351 538 3401 expuo
559 3341 764 3403 interpolatoris
784 3354 918 3405 agnoscas
935 3344 1079 3406 ingenium.
1098 3369 1132 3379 -
1153 3343 1237 3409 piro-

181 3425 247 3476 acts
266 3425 405 3476 relatibus.
423 3430 537 3491 egregia
551 3429 705 3480 Ruhnkenii
721 3433 888 3493 emendatio,
906 3443 965 3480 cum
983 3433 1077 3495 Lipsto
1090 3431 1238 3490 placuisset

179 3509 301 3577 ejusdem
314 3527 369 3564 vox
380 3516 514 3578 notionis,
533 3518 581 3566 sed
595 3520 718 3568 codicum
736 3521 888 3576 scripturae
906 3520 1077 3585 dissimilior,
1093 3515 1237 3571 uelocibus.

178 3602 222 3651 illi
239 3604 327 3652 euimz
343 3603 476 3667 piraticis
493 3605 659 3672 sceleribus,
678 3610 747 3668 quod
766 3609 849 3657 miror
866 3617 1018 3671 propagare
1039 3609 1167 3656 editores.

248 3689 293 3740 al.
324 3687 448 3752 jussa·
458 3692 583 3744 coloniis.
601 3694 682 3745 libri:
698 3691 940 3756 juste-colonis.
958 3697 1026 3746 illud
1037 3695 1130 3743 Heius.
1144 3705 1237 3742 emen·

182 3781 275 3842 davit,
292 3780 345 3829 troo
363 3780 395 3828 ll.
414 3804 450 3816 —
465 3778 624 3845 [Antonio]
640 3782 785 3846 glossema.
857 3785 861 3792 “

248 3866 295 3918 ¹75.
331 3867 669 3940 clomrrlmipue'inpenli,
700 3873 862 3926 navarreus
886 3869 1073 3924 nobilissimae
1089 3869 1163 3937 itta,
1189 3866 1235 3919 in-

178 3955 544 4021 quampraeclara,
563 3956 606 4009 12.
617 3959 722 4011 Rieu:
754 3959 959 4024 ducatumque
975 3959 1030 4022 inp.
1049 3957 1111 4013 lla:
1132 3953 1235 4020 sortia·

180 4043 295 4112 statque
309 4045 381 4112 lup„
407 4057 476 4108 qaae
501 4048 637 4109 scriptura
652 4049 749 4110 procul
767 4050 847 4098 dubio
871 4048 914 4094 est
933 4045 1104 4096 Amerbaclrti
1124 4045 1235 4111 codicis,

183 4133 229 4180 sed
246 4131 427 4202 ταυτολόγος
443 4135 472 4184 at
489 4147 536 4199 ea,
556 4147 634 4197 quam
651 4149 669 4187 a
688 4137 844 4187 conectere
861 4133 1044 4193 excogitatum
1062 4133 1149 4199 dicas,
1174 4146 1234 4183 cum

183 4217 339 4287 niteretur,
366 4222 554 4275 όοσϋειίιιιιιιιι
577 4227 674 4275 vocari
703 4221 809 4272 claudii
833 4219 949 4270 Neronis
968 4221 1117 4284 lugentum.
1149 4223 1235 4272 verba
1275 4255 1279 4265 ι

182 4304 334 4360 emmam
351 4311 379 4360 et
397 4309 549 4363 matituna
575 4323 653 4378 quam
670 4313 725 4364 sint
750 4305 863 4374 similla,
897 4321 975 4360 neruo
995 4321 1049 4361 non
1071 4311 1233 4374 persptctat,
1278 4365 1285 4374 l

220 4388 281 4429 Vena.
987 4391 1006 4456 6
