2990 4894
554 363 557 370 '
604 391 705 442 urso.
731 389 768 442 n.
795 391 838 443 11.
1175 369 1246 448 129
1362 431 1365 434 -

271 535 355 598 llaro
375 529 552 602 ,eminentes
572 533 630 596 viri
648 551 709 594 non
726 533 850 616 magnis
869 532 1057 616 adjutoribus
1070 537 1110 600 ad
1126 539 1247 622 gnber—
1261 551 1324 620 127

196 637 328 702 nandum
347 637 500 698 fortunam
520 649 618 694 suam
629 635 679 696 usi
697 643 786 716 sunt;
811 642 845 698 ut
862 634 924 697 duo
942 635 1113 716 Scipiones
1128 639 1248 722 duobus

194 739 328 818 haeliis,
345 751 426 817 quos
444 751 503 814 per
519 733 619 796 omnia
637 745 853 818 aequaverunt
872 735 949 816 sibi3
965 746 999 800 ut
1016 735 1109 800 divus
1133 739 1252 822 Augu-⁴.

193 847 264 902 stas
286 837 332 898 Μ.
348 834 508 917 Agrippa,
528 842 560 896 et
575 831 710 897 maxime
731 836 770 898 ab
790 836 970 900 eustathio
990 839 1109 919 'l'auro;
1137 839 1249 920 quibus

195 938 318 1001 novitas
347 932 482 997 familiae
505 933 596 997 haud
616 935 749 1020 obstitit,
769 955 844 1020 ‚quo
868 938 974 1000 minus
998 937 1039 1001 ad
1064 939 1250 1020 multiplices

195 1035 376 1102 consulatus
396 1034 630 1118 triumphosque
652 1039 696 1098 'et
720 1038 879 1116 complura
899 1040 1120 1102 eveherentur·
1137 1057 1250 1103 sacer-

194 1136 289 1200 dotia.
326 1135 449 1199 Etenim
477 1153 594 1217 magna
617 1135 744 1217 negotia
767 1137 892 1220 magnis
921 1139 1113 1220 adiutoribus
1143 1145 1251 1227 egent,
1299 1143 1301 1148 ’

193 1255 308 1316 neque·
317 1255 379 1298 non
394 1237 434 1299 in·
444 1255 544 1318 parvo
559 1236 708 1317 pancitas:
719 1236 892 1300 ministeria
908 1238 1031 1319 deheit3
1058 1240 1251 1322 interestque

193 1337 241 1400 rei
260 1334 421 1422 publicae,
438 1336 520 1419 quod
541 1355 603 1400 nau
621 1337 838 1400 necessarium
854 1347 920 1421 est,
940 1338 1089 1422 dignitate
1102 1342 1251 1423 eminere,

116 1473 121 1478 -
193 1439 417 1521 utilitatemque
436 1438 618 1502 auctoritate
633 1435 754 1500 muniri.
791 1437 859 1502 Sub
872 1439 925 1503 his
941 1441 1095 1522 exemplis
1107 1438 1252 1503 tiberius
1304 1519 1306 1524 Ι

193 1538 316 1602 Caesar
335 1538 487 1618 sejanum
506 1539 647 1624 Aelium,
676 1539 824 1621 principe·
844 1541 1002 1621 equestris
1029 1541 1145 1606 ordinis
1163 1549 1253 1625 patre
1297 1548 1298 1553 ’

192 1649 315 1722 namin,
325 1647 475 1704 materno
492 1659 571 1704 vero
589 1660 710 1722 genere
726 1625 919 1704 clarissimas
937 1647 1130 1724 ueteresque
1149 1651 1182 1706 et
1199 1643 1252 1705 in-

192 1742 304 1824 signes
324 1742 499 1804 honoribus
512 1743 714 1822 complexum'
723 1739 867 1829 familias,
886 1741 1053 1805 habentem
1068 1744 1252 1810 consulares

191 1842 322 1922 iratres,
353 1842 578 1928 consobrinos,
608 1841 812 1925 avunculum,
843 1843 956 1925 ipsum*
973 1862 1061 1906 vero·
1080 1841 1254 1906 laboris'ao

191 1941 538 2023 lideieapaoissimum,
559 1940 736 2005 sufficiente
756 1944 851 2007 etiam
871 1945 976 2029 vigori
989 1943 1083 2006 anin'ri
1098 1961 1253 2026 compage

192 2043 353 2128 corporis,
385 2043 577 2126 singidonem
608 2043 830 2125 principalium
859 2062 987 2125 operum
1019 2042 1190 2126 adjutorem
1220 2044 1254 2107 in

193 2143 297 2206 omnia
313 2143 420 2207 habuit
439 2151 533 2227 atque
551 2143 663 2226 habet3
691 2143 793 2208 virum
812 2145 1166 2228 prisoauseveritatis,
1182 2145 1252 2207 lae-

192 2244 333 2308 tissimae
353 2244 532 2325 hilaritatis,
552 2244 753 2308 actnotiosis
772 2241 1079 2330 simillimum,-nihil
1098 2242 1164 2304 sihi
1176 2243 1252 2304 vin-

193 2344 366 2427 dicantem,
387 2364 489 2430 eoqne
502 2352 727 2429 assequentem
742 2344 1007 2429 omnia,·semper
1025 2341 1105 2406 inira
1124 2343 1252 2406 aliorum

193 2447 428 2512 aestimationes
459 2465 498 2510 se
534 2446 730 2530 metientem,
762 2444 850 2508 vultu
884 2443 1012 2530 vitaque
1047 2443 1251 2530 tranquillum,

193 2545 297 2608 animo
316 2563 511 2608 exsomnem.

273 2645 309 2708 ln
327 2644 420 2727 hujus
436 2645 529 2726 (viri)
541 2646 688 2710 virtutum
699 2645 912 2710 aestimatione
921 2646 988 2728 jam
1002 2647 1122 2729 pridem
1133 2645 1253 2729 judicia
1261 2655 1324 2722 128

195 2745 332 2810 civitatis
352 2765 425 2810 cunr
441 2740 597 2830 principis
608 2741 748 2828 oertaht3
773 2766 877 2830 neque
898 2731 1002 2810 novus
1026 2747 1079 2811 hie
1101 2763 1170 2810 mos
1193 2763 1252 2810 sa·

266 2986 325 3036 127.
357 2987 486 3050 proniore
501 2999 552 3052 pro
569 2989 690 3041 manime
712 2989 1069 3052 solerer.o1iso.0ns.a‚
1096 3000 1122 3050 p.
1141 2986 1208 3037 art.
1227 2991 1255 3038 et

186 3065 257 3124 alli.
281 3096 316 3107 -
342 3075 522 3125 eveherentur
545 3076 646 3136 primus
673 3060 854 3130 vascosanus
880 3078 957 3128 cort:
991 3077 1192 3128 enumerentur.
1219 3099 1255 3114 -

196 3171 327 3227 aeque-'-
340 3159 441 3226 deficit
458 3161 673 3227 maeoniusque
688 3163 717 3214 ia
729 3162 980 3229 pomo-defecit.
1006 3177 1062 3216 non
1078 3163 1161 3214 taoile
1178 3165 1255 3216 exei-

198 3249 253 3315 dit,
281 3249 353 3300 slent
378 3250 449 3312 apud
470 3250 573 3302 Attium
589 3252 748 3317 Eurysace,
773 3253 869 3317 fragm.
888 3251 931 3316 7.,
958 3250 1032 3302 voit.
1059 3263 1131 3303 scen.
1156 3252 1204 3303 lat.
1226 3251 1255 3314 o,

196 3351 226 3401 p.
242 3335 308 3386 20⁷.
324 3336 436 3404 delicit,
459 3337 553 3389 meat.
579 3361 615 3388 .-
626 3339 828 3392 ‘necatorium
845 3341 907 3408 eat,
930 3339 1066 3407 differitate
1082 3353 1132 3393 em.
1155 3340 1256 3389 libem:

196 3437 273 3492 neo„
299 3427 328 3477 et
348 3425 422 3492 cion.
447 3440 497 3477 em.
515 3426 586 3479 liber
601 3429 777 3494 Amerbach,
801 3431 831 3479 ut
855 3429 957 3491 pridem
975 3427 1103 3479 clodius:
1125 3440 1184 3479 aec.
1203 3425 1257 3490 est,

196 3514 225 3564 et
253 3512 327 3579 dipn.
352 3526 402 3564 em.
433 3519 533 3576 sequor
560 3515 756 3567 Ruhnkenlum.
782 3540 817 3554 -
844 3516 1042 3582 principalium
1068 3523 1181 3580 operum
1205 3521 1257 3575 itio

198 3613 312 3651 onerata
323 3601 382 3665 Kr,
399 3603 471 3652 siem
487 3601 531 3651 hio
548 3605 644 3654 noster
656 3602 720 3653 124.
738 3607 767 3656 et
784 3604 860 3656 alias.
883 3609 959 3656 reete
979 3605 1061 3655 ettam
1077 3602 1258 3663 subsequente

197 3689 289 3751 capite
311 3689 359 3739 Kr.
386 3690 460 3739 dedit
485 3703 572 3754 opero
594 3703 644 3754 pro
671 3705 767 3744 osma.
782 3702 828 3729 ·-
858 3705 989 3757 perverse
1007 3692 1036 3740 et
1050 3689 1143 3752 inepte
1162 3687 1274 3750 ondita-

195 3775 289 3826 cirum
305 3789 393 3827 amer.
410 3776 580 3830 laetissimae
582 3814 594 3846 ,
620 3779 777 3832 hilaritatis
791 3780 915 3846 priscae.
942 3780 1009 3829 nota
1032 3777 1183 3839 priscorum
1198 3777 1256 3827 lto-

196 3869 337 3915 m'anorum
349 3866 493 3926 severitas,
502 3873 565 3916 'non
581 3869 648 3918 item
665 3868 786 3919 hilaritas
791 3885 800 3933 ;
818 3883 871 3919 neo
881 3869 982 3918 laetam
994 3867 1029 3916 ab
1043 3864 1101 3914 ullo
1113 3863 1257 3929 scriptore,

198 3954 295 4002 nedum
312 3951 502 4019 laetissimam,
521 3955 626 4006 dietam
636 3959 743 4020 reperio
758 3958 940 4008 severitatem.
974 3955 1050 4002 fraus
1067 3954 1134 4003 haee
1152 3965 1256 4016 quoque

203 4040 486 4105 oscitantis'librarii,
506 4045 559 4109 qni,
577 4057 637 4095 oum
655 4045 823 4109 neglexisset
840 4052 935 4090 vocem
951 4039 1074 4106 priscae,
1092 4042 1155 4104 post
1166 4039 1256 4092 abeno

201 4133 261 4176 eam
277 4129 341 4178 looo
357 4128 513 4181 inculcavit.
1102 4141 1110 4156 ·

271 4213 332 4265 iffi.
365 4211 455 4278 (oiri)
469 4219 638 4270 inserendum
657 4219 762 4271 censuit
773 4219 806 4284 ll,
823 4217 998 4280 probabiliter
1011 4217 1122 4279 quidem.
1142 4219 1181 4269 ita
1193 4207 1251 4266 463

204 4294 296 4360 liujus
311 4302 367 4354 atri
378 4300 523 4368 frodoriane
540 4309 593 4356 ete.
612 4309 647 4359 ct.
664 4307 706 4356 79.
731 4331 766 4342 -
784 4304 953 4370 ineleganter
972 4309 1044 4360 eod:
1064 4320 1124 4360 eom
1138 4303 1255 4369 iudiciis

240 4381 299 4421 vsu.
968 4391 988 4453 9
