2990 4894
263 253 309 322 72
710 267 872 322 roiensi

262 417 352 480 l'oret.
393 414 459 476 Sub
489 415 617 478 Antonii
638 415 821 496 ingressum
847 413 879 474 ia
906 417 1009 473 casua
1034 409 1208 474 Juverrtius
1235 415 1351 478 Late-

264 517 386 600 rensis,
422 517 470 578 vir
496 517 562 580 vita
587 534 626 580 ac
656 525 756 578 morte
788 521 1039 595 consentaneus,
1074 529 1139 574 cum
1173 518 1352 580 acerrime

264 618 424 682 suasisset
446 618 589 700 Lepirlo,
623 637 664 678 ne
682 636 716 676 so
736 635 807 676 cem
826 619 962 676 Antonio
982 618 1070 674 bosio
1086 615 1224 685 janiculo
1235 618 1339 687 Jon-

262 729 363 796 9eret,
394 718 498 780 irritos
524 717 662 798 consilii,
689 713 794 795 gladio
821 732 859 774 se
889 716 960 794 ipse
989 712 1156 774 transfixit.
1190 715 1333 778 Plancus

264 819 396 903 deinde,
417 817 524 896 dubia,
543 817 575 876 id
597 824 647 876 est
667 833 741 896 sua,
762 813 825 875 lide
847 812 908 896 diu,
929 831 1060 893 quaurm
1080 821 1173 874 esset
1191 817 1327 899 partium,

265 935 374 980 secum
396 918 547 999 luctatus,
576 934 616 977 ac
636 915 696 978 sibi
712 913 839 978 difficile
860 914 1082 992 consentiens,
1111 923 1144 976 et
1172 935 1250 978 nunc
1266 917 1325 978 ai-

259 1021 345 1099 jutor
364 1019 403 1079 ll.
424 1018 527 1102 Bruti,
549 1019 707 1100 designati
727 1017 882 1099 consulis,
903 1015 1047 1094 collegae
1060 1015 1127 1097 sui,
1148 1017 1327 1098 senatuique

266 1137 304 1180 se
319 1119 430 1184 litteris
446 1120 625 1203 venditans,
646 1138 720 1182 mox
740 1119 883 1200 ejusdem
900 1116 1054 1198 proditor3
1068 1107 1210 1179 'Asinius
1231 1127 1336 1181 autem

265 1223 383 1308 Pollio,
401 1223 510 1286 flrmus
534 1223 709 1304 proposito,
737 1229 768 1282 et
790 1221 924 1283 Julianis
947 1217 1084 1300 partibus
1113 1218 1216 1303 fidus,
1237 1219 1341 1282 Pom-

266 1323 391 1406 pejanis
409 1323 584 1400 adversus5
605 1328 737 1400 uterque
754 1324 915 1384 exercitus
934 1319 1089 1382 tradidere
1107 1320 1258 1383 Antonio.

215 1428 257 1493 64
344 1426 384 1484 D.
403 1425 535 1505 Brutus,
558 1420 704 1484 desertus
730 1422 829 1499 primo
851 1423 1023 1502 aPlanoo,
1043 1421 1230 1503 postellam
1255 1424 1344 1486 insi·-

267 1525 328 1588 diis
351 1522 496 1604 ejusdem
523 1523 656 1604 petituS,
685 1522 831 1604 paulatim
855 1521 1051 1600 relinquente
1078 1539 1151 1586 eum
1180 1525 1341 1609 exercitu,

265 1628 410 1710 fugiens,
429 1628 460 1688 in
480 1626 613 1707 hospitis
631 1624 804 1707 cujusdam,
824 1622 936 1684 nobilis
956 1621 1034 1702 viri,
1058 1625 1184 1686 nomine
1204 1625 1338 1708 Camilli,

268 1731 378 1815 domo,
398 1730 500 1812 abiis,
522 1747 603 1810 quos
621 1729 751 1790 miserat
765 1726 937 1806 Antonius,
953 1721 1116 1804 jugulatus
1137 1736 1203 1814 est,
1219 1727 1338 1808 jusiis-

269 1834 430 1914 simasque
461 1831 577 1911 optime
610 1829 650 1890 de
684 1848 722 1891 se
755 1830 866 1890 merito
896 1829 966 1887 viro
992 1823 1029 1886 C.
1051 1823 1186 1889 Caesari
1214 1847 1340 1910 poenas

270 1931 371 1994 dedit:
390 1929 481 2008 eujus
504 1947 575 1989 oum
598 1930 717 2008 primus
736 1929 869 1990 omnium
893 1928 1063 1988 amicorum
1079 1923 1211 2007 fuisset,
1236 1923 1342 1992 inter-

268 2031 369 2092 fector
388 2027 461 2110 luit,
493 2037 523 2088 et
543 2027 701 2114 fonuoae,
722 2046 764 2089 ex
785 2047 847 2110 qua
873 2028 1010 2091 fructum
1030 2029 1159 2114 tulerat,
1189 2031 1341 2092 insidiam

268 2129 300 2190 iu
320 2137 480 2190 auctorem
505 2127 680 2209 relegabat3
711 2128 927 2208 censebatque
949 2144 1102 2211 aequum,
1129 2148 1210 2211 quae
1236 2149 1342 2193 acce-

268 2237 357 2312 perat
380 2247 400 2288 a
417 2228 570 2315 Caesare,
590 2230 736 2310 retinere,
758 2229 948 2315 Caesarem,
970 2231 1022 2312 qui
1036 2232 1179 2313 dederat,
1200 2231 1338 2308 perisse.

269 2330 361 2391 Haec
380 2339 453 2392 aunt
470 2332 521 2392 illo
542 2341 699 2420 tempora,
720 2333 832 2416 quibus
851 2334 898 2393 M.
919 2333 1048 2408 Tullius,
1061 2329 1212 2393 continuis
1232 2329 1335 2392 actio-

269 2429 361 2492 nibus
390 2441 536 2493 aeternas
559 2434 685 2496 Antonii
717 2435 887 2498 memoriae
913 2435 1027 2498 inussit
1048 2443 1148 2498 notas.
1187 2430 1255 2496 seo
1283 2431 1337 2496 hic
1396 2437 1411 2458 ”

269 2531 500 2610 fulgentissimo
522 2542 553 2593 et
571 2535 703 2596 coelesti
718 2555 787 2619 ore3
809 2548 840 2600 at
856 2538 996 2600 tribunus
1011 2536 1164 2600 Canutius
1177 2537 1337 2598 caniculae

270 2631 356 2694 rabie
376 2629 533 2692 lacerabat
546 2631 724 2694 Antonium.
765 2639 897 2718 Utrique
920 2640 1057 2699 vindicta
1077 2639 1228 2700 libertatis
1237 2648 1337 2701 morte

272 2733 371 2814 stetit,
392 2730 451 2794 sed
471 2729 583 2792 tribuni
606 2734 761 2812 sanguine
782 2737 952 2796 commissa
978 2735 1181 2820 proscriptio,
1202 2739 1339 2802 Cicero-

272 2835 338 2921 nis,
370 2835 457 2897 velut
480 2833 590 2896 satiato
612 2834 749 2896 Antonio
775 2836 895 2915 poeula.
924 2835 1019 2896 finita.
1058 2836 1200 2917 Lepidus
1223 2840 1338 2903 deinde

273 2947 421 3024 asenatu
437 2937 537 3000 hostis
556 2935 715 3018 judicatus
732 2945 799 3024 est,
819 2945 852 3000 ut
871 2945 943 2998 ante
965 2936 1066 3001 luerat
1084 2938 1250 3002 Antonius.

274 3069 504 3080 -n—-n—-uoa

342 3136 387 3190 64.
423 3136 553 3197 ejusdem.
583 3142 627 3190 irio
643 3154 748 3203 quoque
766 3144 856 3192 malim
875 3139 934 3201 ejus
952 3144 1041 3206 clam,
1070 3141 1142 3188 sicut
1166 3141 1194 3218 ie
1210 3144 1337 3202 superio·

273 3227 356 3287 ribus,
376 3238 399 3274 c.
418 3224 477 3286 60.;
498 3241 550 3278 nec
569 3241 802 3292 supervacaneum
819 3236 861 3282 est
874 3232 957 3298 clane,
976 3231 1108 3291 siquidem
1123 3229 1218 3280 eadem
1229 3232 1338 3282 ratione

276 3311 372 3366 Cicero
392 3311 451 3364 Cat.
469 3314 503 3379 2,
521 3318 544 3367 1.
563 3320 631 3368 dixit
649 3321 774 3371 coercitae
791 3319 917 3374 insidias.
935 3343 971 3359 -
991 3317 1105 3370 Camilli
1123 3320 1170 3370 Kr.
1189 3323 1338 3372 secundum

275 3405 426 3467 Appianum
441 3399 563 3468 Ἔμφυλ.
581 3405 615 3468 3,
634 3420 659 3467 p.
679 3405 743 3456 950.
762 3410 853 3458 conida
872 3406 995 3473 Cameli,
1014 3410 1085 3470 quod
1102 3401 1202 3460 nomen
1219 3413 1337 3460 inusita-

276 3495 333 3542 tum
351 3493 406 3542 est?
427 3514 462 3528 -
484 3489 530 3558 qui
552 3491 677 3543 dederat.
705 3495 789 3545 Rheo.
814 3495 880 3562 quio
903 3496 1037 3547 illuriani.
1061 3497 1147 3548 Aldus
1165 3511 1264 3561 nepos:
1292 3496 1339 3563 qui

274 3579 330 3630 illo
346 3582 423 3648 oea,
453 3592 504 3629 neo
525 3577 607 3629 aliter
624 3583 801 3633 recentiores.
831 3585 881 3634 sed
899 3583 1053 3648 elegantius
1071 3587 1149 3638 abest
1166 3599 1245 3649 quom
1262 3585 1339 3634 adest

273 3665 344 3730 ιἰιιι,
375 3671 521 3730 contraque
539 3668 566 3717 id
581 3670 722 3728 requirere
739 3673 868 3722 videntur
893 3675 979 3723 verba
1002 3675 1081 3727 Haec
1107 3678 1172 3726 aunt
1195 3677 1339 3736 tempora:
1397 3727 1400 3739 ἱ

214 3815 217 3825 .
274 3763 337 3802 nam
353 3756 394 3802 iia
411 3753 514 3818 legitur
530 3758 559 3805 in
586 3756 671 3807 libris.
708 3747 796 3822 igitur
824 3759 892 3812 illuc
918 3765 1088 3828 immisimus,
1121 3765 1263 3813 aberrasse
1285 3755 1340 3804 rati

275 3823 401 3892 voculam
420 3855 454 3894 ex
470 3844 558 3896 altero
576 3848 604 3896 in
622 3845 737 3897 alterum
754 3859 880 3915 versum,
899 3853 971 3902 sicot
990 3854 1019 3901 et
1035 3853 1114 3901 initio
1132 3845 1269 3912 sequentis
1288 3854 1336 3892 oa-

276 3930 347 3991 uills·
374 3955 407 3969 ·-
432 3935 587 3988 caniculae.
606 3935 630 3984 R
646 3938 734 3987 minus
752 3939 951 3999 probabiliter:
980 3939 1098 4004 canina,
1121 3949 1180 3987 curn
1198 3939 1226 3985 in
1245 3917 1338 3982 c'odice

277 4017 386 4082 legatur
404 4021 552 4090 continuo,
579 4025 692 4076 librario
718 4027 752 4076 ad
769 4028 808 4076 ita
826 4029 996 4077 scribendam
1016 4027 1143 4087 inducto,
1170 4028 1199 4073 at
1222 4021 1337 4083 videtur,

280 4109 371 4159 verbis
388 4110 528 4162 continuis
540 4113 704 4167 actionibus.
723 4113 867 4166 Sallustius
886 4127 927 4177 ap.
945 4115 1014 4164 Nou.
1034 4128 1059 4176 p.
1076 4109 1130 4177 60,
1148 4109 1276 4162 laudante
1290 4109 1337 4160 u:

282 4198 421 4260 carrinam,
441 4200 472 4248 nt
490 4199 533 4251 nit
551 4202 673 4268 Appios,
692 4189 855 4266 fecundiora
874 4205 1029 4257 exercebat.
