2998 4896
248 337 297 412 38
706 357 868 409 venenu

247 505 372 584 tiplices
392 500 516 564 Piraeei
537 509 645 580 portus
666 500 855 562 munitiones
883 502 988 564 labore
1012 503 1156 582 expleto,
1187 506 1320 586 amplius

249 603 308 669 CC
326 603 420 664 millia
439 602 574 664 hostium
594 601 807 688 interficeret,
837 621 899 666 nec
924 603 1026 664 minus
1049 604 1146 667 multa
1172 619 1315 686 caperet.

248 705 286 770 Si
305 705 377 786 quis
396 703 458 765 hoc
478 701 648 763 rebellandi
676 711 816 784 tempus,
847 723 909 782 quo
937 704 1083 766 Athenae
1114 719 1316 790 oppugnatae

248 824 267 867 a
287 805 374 868 Sulla
398 813 489 882 sunt,
520 803 648 882 imputat
667 802 932 883 Atheniensibus,
962 806 1105 866 nimirum
1124 808 1194 868 reri
1213 817 1312 870 vetu-

247 907 402 986 statisque
427 903 558 984 ignarus
586 911 646 964 est.
685 902 778 964 Adeo
809 903 891 963 enirn
911 914 998 966 certa
1019 905 1261 968 Atheniensium
1284 909 1317 970 in

246 1006 409 1068 Romanos
436 1005 518 1066 fides
544 1002 615 1084 fuit,
643 1013 678 1066 ut
706 1023 834 1084 semper
853 1013 886 1065 ct
905 1004 937 1064 in
959 1006 1045 1066 omni
1075 1025 1132 1090 re,
1165 1007 1314 1089 quidquid

246 1113 372 1168 sincero
386 1107 449 1178 fide
468 1113 648 1189 gereretur,
668 1104 700 1165 id
719 1105 853 1166 Romani
872 1107 978 1166 Attr'cc
997 1106 1067 1166 fieri
1086 1107 1313 1186 praedicarent.

247 1208 397 1270 Ceterum
423 1214 488 1268 tum
521 1205 668 1285 oppressi
687 1205 877 1267 Mithridatis
907 1205 1002 1267 armis
1027 1206 1173 1268 homines
1196 1208 1315 1269 miser-

245 1310 344 1372 rimae
368 1307 571 1391 conditionis,
600 1325 671 1368 cum
691 1305 729 1366 ab
750 1305 885 1368 inimicis
912 1315 1113 1390 tenerentur,
1146 1326 1314 1389 oppugna-

247 1411 358 1474 bantur
379 1409 418 1470 ab
438 1408 567 1490 amicis,
598 1414 630 1468 et
650 1405 771 1468 animos
792 1416 883 1468 extra
909 1408 1053 1490 moenia,
1079 1425 1228 1492 corpora,
1255 1427 1316 1470 ue-

249 1512 400 1573 cessitate
422 1511 620 1585 servientes,
642 1508 721 1571 intra
740 1527 851 1570 muros
872 1509 1038 1572 habebant.
1077 1510 1317 1587 Transgressus

248 1610 363 1672 deinde
384 1612 414 1672 in
435 1613 546 1674 Asiam
567 1612 653 1675 Sulla
672 1619 834 1691 parentem
854 1617 920 1669 arte
954 1610 1056 1671 omnia
1076 1609 1313 1689 supplicemque

248 1710 461 1773 Mithridatem
484 1712 621 1791 invonit3
655 1729 766 1792 quem,
803 1709 962 1770 multatum
994 1711 1129 1788 pecunia
1160 1728 1199 1772 ac
1226 1718 1315 1790 parte

246 1813 390 1895 navium,
410 1813 491 1873 Asia
510 1813 716 1893 omnibusque
736 1797 807 1872 aliis
824 1809 1014 1891 provinciis,
1031 1827 1114 1890 ¹quas
1135 1812 1231 1873 armis
1250 1829 1309 1874 oc·
1366 1883 1370 1892 ¹

247 1919 436 1994 cupaverat,
457 1910 616 1973 decedere
639 1912 763 1990 coligit3
788 1911 933 1988 captivos
954 1910 1091 1989 recepit,
1113 1910 1144 1970 in
1160 1912 1312 1992 perfugas

247 2010 424 2090 noxiosque
448 2009 680 2087 animadvertit;
709 2009 868 2089 paternis,
889 2007 922 2069 id
944 2018 995 2070 est
1016 2007 1177 2093 Ponticis,
1198 2013 1311 2075 linibus

250 2118 430 2172 contentum
455 2129 532 2172 esse
543 2110 652 2190 jussit.

197 2213 239 2276 24
327 2210 362 2273 C.
382 2211 513 2288 flavius
533 2208 684 2290 lfimbria,
704 2209 776 2291 qui,
798 2207 980 2287 praefectus
998 2212 1136 2291 equitum
1159 2220 1230 2273 ante
1251 2212 1311 2273 ad-

247 2320 377 2372 ventum
409 2312 534 2392 Sullae,
570 2307 733 2370 Valerium
768 2308 936 2392 Flaccum,
970 2311 1168 2371 consularem
1202 2313 1313 2393 virum,

245 2412 467 2495 interfecerat,
501 2411 710 2492 exercituque
743 2418 895 2489 occupato
924 2415 1101 2487 Imperator
1135 2399 1310 2492 appellatus

246 2513 327 2575 forte
351 2513 563 2572 Mithridatem
581 2512 744 2591 pepulerat
765 2510 900 2598 proelio,
933 2511 990 2573 suh
1013 2512 1182 2576 abventum
1203 2514 1310 2577 Sullae
1340 2547 1360 2596 ¹·

249 2629 287 2672 se
309 2613 380 2690 ipsc
401 2611 572 2690 interemit;
599 2611 808 2695 adolescens,
839 2631 919 2696 quae
950 2615 1092 2693 pessime
1116 2633 1213 2678 ausus
1238 2626 1315 2698 erat,

248 2709 368 2772 fortiter
384 2719 548 2771 executus
589 2711 710 2772 Eodem
723 2731 805 2774 auno
821 2714 858 2773 P.
879 2715 1016 2796 Laenas,
1037 2715 1105 2775 trib.
1119 2717 1212 2795 pich,
1233 2719 1311 2780 Sex.

247 2809 418 2886 Lucilium,
439 2809 491 2889 qui
510 2810 613 2889 priore
633 2809 715 2873 anno
737 2812 805 2873 trib.
824 2810 905 2890 pleb.
925 2811 1042 2896 fuerat,
1072 2831 1152 2877 saxo
1175 2819 1311 2898 'l'arpejo

247 2907 379 2994 dejecit,
399 2919 445 2996 et,
467 2929 539 2972 cum
559 2911 703 2991 collegae
721 2911 807 2990 ejus,
828 2911 940 2990 quihus
964 2912 1047 2974 diem
1067 2914 1204 3001 dixerat,
1223 2926 1309 2979 metu

246 3007 287 3069 ad
309 3011 428 3072 Sullam
451 3011 686 3096 profugissent,
706 3027 788 3091 aqua
810 3010 939 3092 ignique
960 3014 1000 3075 iis
1020 3016 1190 3082 interdixit.
1210 3019 1310 3088 ''l'um

248 3107 353 3190 Sulla,
374 3114 557 3190 compositis
574 3109 788 3176 transmarinis
808 3113 925 3196 rebus,
946 3133 1018 3177 cum
1034 3116 1075 3177 od
1091 3136 1162 3177 cum
1179 3118 1311 3197 primum

195 3224 207 3244 ⁸
247 3207 382 3269 omnium
405 3209 617 3272 Romanorum
636 3213 733 3292 legati
755 3212 939 3275 Parthorum
961 3217 1147 3298 venissent,
1170 3225 1201 3277 et
1220 3217 1251 3279 iu
1271 3218 1311 3282 iis

249 3305 373 3388 quidam
397 3309 483 3388 magi
516 3327 557 3372 ex
589 3311 672 3374 notis
696 3312 836 3391 corporis
856 3314 1117 3399 respondissent,
1151 3324 1312 3404 coetestem

248 3408 317 3478 rry‘ca
334 3411 429 3465 citam
460 3417 555 3483 atquc
575 3419 754 3471 memoriam
770 3416 931 3491 futuram,
953 3422 1104 3478 revectus
1124 3416 1156 3477 in
1180 3419 1309 3496 ltaliam,

248 3505 333 3568 haud
359 3505 446 3586 plura
473 3523 566 3586 quam
596 3509 693 3574 XXX
720 3521 907 3576 armatorum
935 3514 1029 3576 milha
1062 3514 1219 3576 adversus
1253 3515 1312 3578 CC

248 3716 319 3772 quod
334 3727 390 3764 non
407 3717 447 3764 ita
464 3727 527 3766 raro
545 3718 662 3766 accidit:
683 3721 761 3772 velut
775 3721 888 3784 peditur
905 3734 956 3784 pro
966 3721 1071 3784 poditio
1086 3721 1188 3784 legitur
1200 3724 1229 3771 in
1240 3723 1305 3772 Mes.

218 3849 220 3854 .
248 3798 354 3866 Plauti,
372 3800 523 3854 murrone.
552 3825 587 3844 -
609 3809 682 3856 crte.
701 3807 808 3859 librarii
825 3809 904 3872 lapsu
920 3810 1054 3872 procltvt:
1072 3813 1146 3860 ante.
1166 3812 1202 3860 cf.
1220 3820 1308 3858 anno-

249 3885 308 3933 tata
326 3890 441 3942 iuferius
459 3895 493 3943 ad
510 3893 552 3943 73.
570 3905 712 3956 perperam
730 3895 755 3942 R
768 3894 883 3957 allique:
902 3899 1049 3961 parentem
1067 3899 1106 3948 cd
1119 3896 1219 3947 omnio.
1235 3897 1307 3958 arte,

249 3971 353 4035 dolose,
370 3981 401 4028 ut
412 3982 557 4032 cerentius
574 3982 671 4032 marat.
690 3982 718 4045 9,
740 3983 767 4046 3,
786 3982 861 4032 mlh:
880 3987 949 4036 llaec
966 3987 1030 4035 crte
1046 3985 1193 4036 tractabat
1207 3983 1307 4034 ciram.

248 4061 345 4110 menda
361 4064 444 4118 unm
471 4073 564 4122 cotom
581 4084 631 4134 pro
655 4073 746 4124 artem
773 4071 938 4134 regiense.
962 4075 990 4122 et
1018 4075 1088 4136 apud
1113 4073 1308 4138 Phaedromi,

249 4144 294 4288 2³,
311 4145 338 4284 fi.
350 4163 451 4243 ,omaro
467 4159 568 4220 peritis
586 4172 635 4223 pro
653 4171 746 4214 rerum
764 4173 807 4226 p,
827 4164 897 4224 quod
914 4163 1066 4225 ponendum
1085 4174 1146 4214 ease
1164 4173 1219 4212 non
1234 4162 1307 4224 rogrt

274 4241 319 4288 eut
332 4248 410 4302 epum.
