2998 4896
225 270 274 342 tu
680 287 842 339 truncant

226 436 319 496 anirui
343 433 580 512 conspiceretur
603 431 789 510 exemplum.
831 429 909 490 Post
934 427 1116 510 victoriam,
1148 430 1295 509 quoniam

146 553 147 562 ¹
226 531 428 596 descendens
456 539 560 593 monte
592 531 706 592 'l'ilatis
740 548 811 591 cum
843 527 882 590 C.
903 527 1062 589 Norbano*
1079 541 1293 611 concurrerat,

226 635 313 706 Sulla
336 643 445 712 grates
467 633 609 714 Dianae,
643 630 734 711 cujus
763 630 878 690 nomini
899 630 990 711 regio
1013 629 1065 688 illa
1082 639 1208 692 sacrata
1231 641 1292 709 est,

225 735 337 796 solvit:
359 751 475 814 aquas,
496 733 677 794 salubritate
701 729 930 810 medendisque
953 730 1135 809 corporibus
1159 731 1292 817 nobiles,

225 845 386 914 agrosque
414 851 542 915 omneS,
577 831 697 892 addixit
732 830 822 891 deae·
862 822 966 902 Hujus
992 839 1101 910 gratae
1130 832 1291 911 religionis

225 935 406 995 memoriam
426 942 458 995 et
484 933 668 1016 inscriptio,
699 932 805 1009 templi
827 931 921 992 allixa
948 933 1048 1016 posti,
1082 931 1238 1014 hodieque
1260 943 1292 995 et

226 1035 330 1096 tabula
353 1041 484 1094 testatur
505 1051 600 1093 aerea
620 1033 699 1094 intra
719 1032 841 1098 aedem.
910 1083 912 1088 .

174 1149 216 1212 26
303 1134 427 1195 Deinde
449 1133 544 1196 Coss.
566 1133 669 1196 Carbo
690 1133 750 1212 lll,
781 1143 812 1195 et
834 1134 872 1212 C.
892 1134 1030 1216 Marius,
1060 1137 1182 1217 septies
1211 1155 1290 1198 con·

225 1235 305 1297 sulis
324 1235 417 1318 filius,
438 1253 537 1296 annos
559 1244 650 1297 natus
664 1235 795 1319 XXVI,
808 1235 856 1294 vir
876 1235 969 1294 animi
983 1241 1070 1294 nimie·
1080 1237 1185 1314 magis
1200 1253 1292 1316 quam

225 1337 316 1397 saevi
334 1338 471 1420 paterni,
491 1337 586 1396 multa
603 1333 785 1415 fortiterque
806 1336 950 1419 molitus,
970 1354 1074 1417 neque
1091 1355 1225 1417 usquam
1241 1338 1293 1398 in-

224 1437 319 1498 ferior
344 1438 468 1497 nomine
489 1434 679 1518 [consulis],
700 1435 783 1514 apud
806 1436 1021 1515 Sacriportum
1037 1436 1147 1515 pulsus
1166 1454 1187 1495 a
1204 1436 1292 1497 Sulla

225 1539 312 1617 acie,
338 1536 531 1615 Praeneste,
561 1536 644 1615 quod
670 1544 758 1620 ante,
783 1522 893 1598 natura
926 1537 1094 1618 munitum,
1123 1537 1291 1616 praesidiis

224 1637 420 1719 firmaverat,
455 1653 492 1694 se
523 1637 761 1717 exercitumque
792 1636 928 1698 contulit.
967 1636 1025 1696 Ne.
1051 1636 1124 1718 quid
1157 1653 1290 1716 usquam

224 1737 315 1797 malis
335 1736 468 1816 publicis
493 1735 640 1816 deesset,
672 1738 702 1798 in
727 1755 789 1818 qua
818 1738 945 1798 civitate
976 1755 1103 1816 semper
1126 1737 1290 1798 virtutibus

225 1845 377 1900 certatum
397 1845 473 1920 erat,
495 1836 881 1916 certabatur-sceleribus;
903 1839 1101 1919 optimusque
1119 1839 1179 1898 ribi
1197 1838 1292 1900 vide-

224 1937 328 2018 batur,
360 1937 412 2016 qui
439 1937 539 1999 fuerat
560 1938 730 2016 pessimus.
771 1935 896 2016 Quippe
922 1938 995 1998 dum
1015 1939 1055 1998 ad
1077 1938 1292 2017 Sacriportum

225 2036 405 2120 dimicatur,
427 2038 638 2116 Damasippus
659 2045 783 2115 praetor
797 2035 975 2122 Domitium,
996 2037 1187 2100 Scaevolam
1199 2040 1292 2100 etiam

224 2136 405 2218 pontificem
433 2138 603 2201 maximum
626 2145 658 2197 et
678 2135 775 2195 divini
800 2137 989 2216 humanique
1016 2137 1098 2217 juris
1131 2147 1292 2199 auctorem

225 2238 473 2318 celeberrimum,
495 2245 525 2298 et
541 2235 578 2298 C.
593 2235 769 2297 Carbonem
785 2236 983 2317 praetorium,
998 2237 1139 2298 consulis
1153 2237 1290 2318 fratrem,

225 2349 257 2402 ct
280 2339 449 2402 Antistium
466 2338 651 2424 aedilitium,
679 2338 766 2399 velut
786 2337 931 2397 laurentes
950 2336 1057 2397 Sullae
1082 2336 1240 2420 partibus,
1259 2337 1290 2396 in

223 2443 311 2505 curia
334 2442 470 2503 Hostilia
490 2439 664 2502 trucidavit.
704 2439 779 2502 Non
798 2437 909 2518 perdat
924 2437 1107 2499 nobilissimi
1129 2437 1204 2499 facti
1217 2437 1291 2518 glo-

222 2543 300 2601 riam
314 2539 499 2618 Calpurnia,
518 2539 648 2599 Bestiae
668 2539 750 2624 filia,
772 2557 851 2602 uxor
874 2540 1020 2623 Antistii,
1041 2557 1132 2620 quae,
1148 2539 1291 2621 jugulato

224 2638 275 2716 (ut
289 2636 521 2717 praediximus)
541 2637 621 2708 viro,
641 2639 798 2716 gladiose
815 2643 884 2721 ipsa
903 2640 1069 2702 transfixit.
1102 2646 1170 2711 Quo
1189 2659 1291 2721 quan-

223 2746 288 2798 tum
324 2734 417 2814 hujus
451 2735 571 2813 gloriae
601 2735 768 2816 famaeque
800 2740 957 2799 accessit!
989 2756 1060 2798 nam
1097 2758 1157 2800 aua
1176 2744 1291 2804 virtute

224 2836 361 2921 eminet,
380 2855 439 2908 nee
460 2835 560 2916 patria
580 2837 664 2897 latet.

70 3000 74 3004 ,
172 2949 214 3014 27
299 2939 344 2999 At
358 2938 489 3006 Pontius
510 2938 703 3019 ,Telesinam
724 2937 788 2999 dux
808 2938 1012 3025 Samnitium,
1038 2942 1087 3002 vir
1106 2942 1198 3002 animi
1223 2940 1289 3000 for-

223 3035 376 3118 tissimus,
396 3039 531 3121 bellique
551 3041 682 3122 peritus,
703 3048 734 3102 et
756 3039 898 3102 Romano
920 3041 1035 3102 nomini
1054 3040 1291 3119 infestissimus,

225 3137 393 3199 contractis
424 3141 549 3202 circiter
579 3141 640 3202 XL
667 3142 800 3203 millibus
821 3141 1042 3218 [fortissimae]
1069 3139 1290 3218 pertinacissi-

226 3383 300 3448 tam,
334 3381 516 3447 Quintumque
538 3387 705 3437 Sertorium.
741 3369 775 3420 -’-
810 3381 947 3448 euentum.
979 3382 1101 3447 librarii,
1130 3385 1290 3444 compendio

226 3471 279 3532 qud
300 3483 380 3522 secus
397 3472 527 3531 accepto:
547 3481 637 3535 quum.
658 3474 826 3521 correximus
842 3471 981 3520 soloecnm
994 3471 1290 3521 descendeusmontem

226 3555 333 3620 Tifata.
359 3559 447 3607 errari
464 3555 536 3605 solet
555 3559 629 3605 circa
646 3571 731 3608 voces
750 3561 895 3608 extremas.

295 3645 340 3693 26.
377 3643 464 3697 animi
480 3641 558 3693 nterii
573 3663 608 3678 -·
622 3646 745 3707 paterni.
774 3645 861 3695 liber:
892 3644 979 3695 animi
1001 3644 1092 3710 mapis
1119 3654 1200 3706 quam
1226 3641 1289 3690 cerri

222 3730 282 3792 pat.
302 3730 428 3781 haustum
451 3732 503 3780 tuit
527 3729 605 3781 nimii
631 3731 769 3796 a-m'mr',
798 3746 811 3778 s
836 3731 960 3784 insuevi
986 3731 1069 3781 facile
1094 3729 1287 3779 oblitteratum·

224 3815 313 3864 simile
332 3822 468 3868 ostentum
487 3820 647 3880 procuravit
664 3819 688 3865 R
709 3830 732 3866 c.
750 3817 814 3869 120.
836 3821 974 3868 contrario
986 3821 1077 3867 autem
1100 3817 1197 3865 mendo
1218 3815 1288 3875 apud

224 3900 279 3951 Jul.
292 3903 444 3954 Phaedrum
463 3906 516 3956 fab.
536 3905 572 3970 ὅ,
591 3905 634 3954 12.
651 3917 769 3956 saccum
786 3905 889 3968 legitur
906 3919 956 3968 pro
976 3917 1082 3954 uectem.
1102 3905 1138 3953 cf.
1157 3903 1289 3951 annotata

225 3989 259 4036 ad
276 3987 305 4052 1,
323 3991 341 4038 8
360 3990 428 4050 (sed
444 3993 548 4057 pessit)
568 3997 596 4043 et
613 3994 644 4056 2,
662 3992 698 4041 ³0
716 3990 855 4054 (somno).
884 4017 918 4028 —
946 3992 1054 4043 nominc
1073 3993 1205 4042 Mariano.
1223 4001 1288 4051 per-

226 4085 317 4135 peram
335 4076 459 4127 librant:
480 4083 589 4132 nomiae
607 4081 737 4134 consortis.
757 4104 792 4117 —
810 4093 927 4145 respuunt
945 4093 994 4144 pro
1013 4090 1133 4145 rrnqrrum
1141 4081 1286 4142 Puteanus,

226 4171 305 4223 quem
329 4168 405 4215 reete
430 4166 478 4216 alii
503 4171 673 4220 audiverunt.
701 4193 736 4208 ·-
761 4169 927 4222 Scaeuolam
953 4169 1037 4221 ettam
1062 4182 1089 4232 p.
1108 4182 1143 4218 m.
1168 4168 1285 4217 sortasse
