2990 4894
588 381 690 430 nnsu.
716 379 752 429 n.
781 382 825 430 11.
1190 354 1237 430 ⁷3

256 525 335 586 'ium
357 525 437 588 inter
459 541 537 585 eum.
554 522 791 603 Caesaremque
811 523 1031 586 etAntonium
1050 526 1240 587 commercia
1248 527 1291 592 65

181 627 394 712 epistolarum,
425 634 458 686 et
478 623 688 686 conditionum
708 623 795 704 jecte
826 625 968 709 mentio,x
987 643 1058 688 cum
1084 627 1241 689 Antonius

179 725 310 790 subinde
331 728 505 789 Caesarem
525 724 716 806 admoneret,
736 733 768 788 et
787 741 880 805 quarn
899 725 1043 788 inimicae
1063 727 1123 806 ipsi
1141 726 1241 788 Pom·

178 830 312 910 pejenee
330 835 438 907 partes
460 825 578 909 forent,
612 834 645 886 et
666 827 698 886 in
719 826 803 906 quod
824 825 891 907 jam
915 827 1122 890 emersissent
1147 828 1241 890 fasti-

177 930 274 1014 gium,
294 937 326 989 et
345 935 461 1006 quanto
482 925 646 990 Ciceronis
666 925 769 988 studio
788 927 904 988 Brutus
927 926 1127 1009 Cassiusque
1147 921 1242 990 attol'-

177 1033 329 1107 lercntur3
350 1027 623 1113 denuntiaremus,
643 1046 677 1087 se
698 1045 770 1086 cum
785 1033 887 1088 Bruto
900 1035 1089 1109 Cassioque,
1110 1031 1242 1107 quijom

179 1139 283 1191 decem
304 1140 337 1190 et
356 1113 471 1206 septem
488 1135 643 1204 lepieeurn
656 1138 799 1204 potentes
814 1141 920 1208 mant,
945 1133 1138 1201 junctorum
1158 1137 1242 1192 eires

178 1249 255 1292 aues
264 1273 274 1309 ,
295 1235 458 1292 siceotae·
474 1225 545 1302 ejus
563 1239 793 1306 aspernaretur
812 1237 1028 1309 concordiem,⁸
1048 1231 1242 1312 diceretque,

176 1337 251 1408 plue
275 1336 442 1394 Caesarem
463 1337 566 1408 petria
589 1349 683 1408 qoem
696 1350 731 1392 se
743 1338 836 1392 errici
852 1337 966 1393 citicae·
983 1337 1101 1394 debere.
1127 1335 1243 1394 lterum

177 1434 253 1496 inite
273 1435 432 1514 potentiae
452 1434 608 1513 societes3
630 1444 676 1514 et,
695 1433 888 1495 hortantibus
905 1434 1127 1515 orantibusque
1146 1451 1245 1496 exer·
1323 1477 1324 1484 ι
1433 1421 1435 1436 '

179 1533 307 1618 cibibus,
338 1536 419 1598 inter
443 1535 613 1596 Antonium
641 1535 735 1597 etiarn
754 1545 785 1596 et
802 1533 975 1597 Caesarem
993 1535 1076 1599 facte
1097 1534 1243 1616 affinitas,

180 1655 251 1699 cum
275 1647 365 1700 esset
386 1637 533 1718 privigna
553 1637 682 1698 Antonii
710 1634 872 1715 desponsa
894 1636 1036 1698 Ceesari.
1083 1635 1244 1699 Consule-

179 1748 307 1820 tumque
331 1739 398 1800 iniit
431 1738 552 1800 Ceeser
577 1736 677 1818 pridie
706 1755 799 1817 quam
820 1737 933 1816 viginti
962 1753 1061 1798 annos
1090 1738 1244 1818 impleret,

180 1841 213 1901 X
236 1839 367 1902 Calend.
388 1839 559 1922 Octobres,
589 1855 662 1901 cum
685 1838 811 1919 collega
835 1835 874 1915 Q.
904 1838 1021 1918 Pedio,
1051 1848 1124 1919 post
1143 1838 1183 1900 U.
1204 1837 1243 1900 C.

182 1941 273 2003 eneis
295 1941 448 2027 nccxt,
467 1949 541 2004 ante
561 1940 684 2001 LXXII
703 1957 795 2022 quem
816 1949 865 2020 tuq
884 1940 930 2000 M.
950 1940 1073 2026 Vinici,
1094 1940 1244 2002 consula-

181 2051 244 2105 tum
264 2043 370 2106 inires.
409 2043 499 2105 Vidit
517 2041 569 2104 hic
591 2041 912 2127 annus·Ventidium‚
943 2060 1000 2123 per
1020 2055 1113 2124 quem
1134 2043 1245 2104 urbem

180 2146 260 2208 inter
280 2147 423 2228 ceptivos
448 2144 624 2206 Picentium
653 2144 684 2205 in
715 2143 869 2224 triumpho
898 2143 1011 2206 ductus
1035 2153 1118 2227 eret,
1149 2145 1181 2206 in
1205 2159 1245 2204 ea

181 2248 378 2310 considerem
409 2254 603 2328 praetextam
630 2243 817 2326 jungentem
848 2243 1033 2324 praetoriae.
1082 2244 1159 2304 Item
1192 2243 1246 2304 bic

181 2359 294 2428 postea
308 2349 517 2429 triumphavit.
618 2375 631 2396 ν

253 2480 406 2559 Furente'
422 2497 537 2558 deinde
568 2497 722 2577 Antonio,
758 2494 913 2575 simulque
938 2493 1077 2576 Lepido,
1115 2497 1296 2576 quorurndss

182 2607 330 2683 uterque,
350 2607 383 2660 ut
403 2597 633 2681 praediximus,
653 2597 764 2658 hostes
778 2593 910 2675 judicati
926 2602 1029 2676 erent,
1059 2612 1132 2656 cum
1154 2593 1245 2656 ambo

179 2700 306 2762 mallent
323 2699 383 2761 sibi
404 2700 576 2780 numerari,
597 2697 671 2779 quid
688 2697 779 2779 passi
797 2705 923 2779 essent,
945 2714 1037 2778 quam
1058 2694 1132 2778 quid
1153 2715 1245 2758 eme-

180 2803 334 2884 ruissent‚
354 2809 550 2880 repugnante
570 2799 729 2881 Caesare,
757 2797 817 2860 sed
843 2795 958 2860 frustra
976 2797 1135 2860 adversus
1154 2796 1245 2880 duos,

180 2903 385 2965 instauratum
407 2901 526 2964 Sullani
542 2901 720 2981 exemplum
740 2901 827 2983 mali,
846 2899 1043 2980 proscriptio.
1080 2899 1168 2960 Nihil
1182 2909 1244 2960 tom

253 3144 299 3192 65.
335 3147 363 3195 et
385 3156 467 3207 quum
482 3142 619 3194 inimicae.
638 3145 678 3191 ita
696 3139 824 3190 Crollius.
853 3139 933 3191 libri:
963 3152 1025 3191 eum
1050 3140 1188 3192 Antonius
1216 3144 1245 3193 et

182 3233 296 3285 subinde
315 3231 394 3283 Caes.
413 3232 504 3298 adro„
522 3243 605 3296 quem
620 3231 673 3298 ire,
697 3227 739 3298 τῷ
756 3231 784 3280 et
804 3231 878 3279 torte
896 3229 1079 3291 transposito,
1100 3231 1172 3280 sicut
1188 3242 1244 3279 vox

182 3323 237 3391 tlte
254 3322 394 3371 aberravit
412 3331 435 3368 c.
452 3318 497 3367 64.
525 3343 560 3358 -
585 3316 775 3384 adjiceretque
792 3317 920 3368 Herelius
946 3320 975 3367 et
996 3316 1046 3366 illo
1064 3320 1179 3368 auctore
1195 3318 1243 3366 Kr.

183 3422 233 3472 pro
252 3409 423 3473 diceretque,
450 3409 520 3468 quod
545 3409 645 3457 babent
676 3408 753 3457 codd.
771 3407 837 3454 Kr.:
867 3403 1057 3471 „Qurrmltm
1077 3404 1245 3456 hauddubie

184 3496 340 3549 concordie
355 3495 531 3560 adiceretque
552 3498 682 3557 scripturn
707 3481 796 3560 esset,
826 3495 953 3545 eliberta
972 3494 1056 3544 facile
1080 3487 1244 3543 intercidit.”

183 3607 219 3620 -
236 3586 342 3636 deden.
365 3585 474 3635 Iterum
492 3583 572 3634 irritu.
600 3584 688 3634 liber:
716 3585 863 3636 deberetur
879 3583 968 3648 irrite,
995 3593 1100 3643 exque
1118 3581 1245 3628 iecerunt

183 3676 297 3726 debere:
329 3675 388 3723 tem
409 3672 466 3741 ira,
491 3671 665 3735 ineleganter
688 3675 806 3734 repetito
832 3673 963 3722 adverbio
990 3683 1024 3719 ex
1049 3666 1243 3729 superioribus.

183 3762 307 3830 Iterum,
327 3757 399 3811 sicut
416 3765 479 3810 ante
497 3773 514 3810 a
533 3757 651 3810 Caesare
669 3757 799 3824 Pompejo
817 3764 846 3811 et
855 3758 964 3812 b‘rasso.
984 3756 1137 3808 effecerunt
1153 3757 1180 3804 ei
1191 3765 1244 3804 vo-

183 3851 281 3902 cabulo
297 3852 396 3899 vicina.
414 3874 449 3886 -
475 3850 555 3899 Item.
574 3849 658 3898 llbeu.
669 3863 684 3898 ι-
694 3849 781 3900 Idem.
799 3850 927 3899 similiter
943 3847 1069 3896 Sallustii
1085 3844 1163 3892 codd.
1179 3842 1242 3907 Jug.

183 3939 226 3989 9.=
245 3939 334 3991 Nobis
353 3941 385 3989 ed
403 3937 506 3989 merite
522 3951 575 3988 sua
593 3951 677 3989 cerus
696 3941 756 4000 est‚·
772 3938 815 3989 ati
833 3938 906 3988 idem
923 3932 1033 3985 cenaui
1047 3931 1085 3982 sit
1100 3933 1129 3982 et
1140 3933 1243 3996 populo

185 4027 235 4094 lt,
253 4041 361 4078 summa
380 4040 431 4090 cpe
448 4027 583 4093 nitemur,
602 4040 652 4090 pro
669 4027 711 4077 uti
726 4027 792 4077 item
810 4029 863 4074 etc.
879 4025 913 4071 cf.
932 4021 962 4085 1,
979 4019 1021 4068 17.

253 4141 296 4188 66.
333 4140 486 4191 numerari.
516 4143 542 4190 id
562 4143 605 4191 est
621 4139 761 4193 rationem
778 4136 843 4188 duci
861 4130 933 4196 ejus,
959 4133 1028 4194 quod
1047 4134 1121 4196 passi
1141 4135 1241 4196 essent,

186 4237 245 4276 cum
262 4229 354 4280 hostes
367 4225 570 4292 judicarentur,
589 4239 641 4278 non
659 4215 759 4288 'culpae
776 4235 851 4283 suae,
871 4233 923 4283 quo
940 4233 1054 4284 poenam
1070 4223 1150 4272 istam
1167 4233 1241 4271 eme-

186 4317 310 4366 ruissent.
330 4319 407 4367 codd.
427 4319 541 4366 vitiose:
561 4316 698 4366 structori.
725 4339 757 4348 -
785 4311 898 4362 Suelleni
914 4311 1067 4374 ereremum
1082 4311 1158 4362 meli.
1177 4321 1241 4371 per-
