2998 4896
593 381 695 433 ulsr.
722 381 758 432 n.
787 384 830 433 11.
1195 359 1241 430 69

175 539 208 594 et
230 529 319 590 noeis
342 536 375 588 et
393 525 572 589 testamenti
595 522 753 586 Brundisii
777 525 936 606 comperit.
977 526 1036 588 Cui
1060 526 1241 589 adventanti
1300 536 1303 541 ’

175 631 307 693 Romam
341 627 485 690 immanis
512 625 682 687 amicorum
716 626 851 687 occurrit
878 626 1071 708 frequentia3
1101 627 1133 690 et
1168 644 1239 691 enm

176 733 304 793 intraret
320 729 458 810 urbem,
496 727 573 788 solis
605 726 705 805 orbis,
745 741 841 808 super
868 736 961 808 caput
992 727 1062 808 ejus
1090 737 1239 802 curvatus

175 834 348 915 aequaliter
368 828 613 908 rotundatusque
638 827 669 898 in
693 845 812 888 morem
837 845 950 908 arcus,
969 830 1067 890 veluti
1093 847 1239 892 coronam

172 936 247 997 tanti
266 947 341 993 mox
359 930 419 990 viri
441 931 536 1011 capiti
557 929 742 1012 imponens,
762 939 955 1008 conspeetns
972 937 1032 990 est.

251 1033 325 1092 Non
345 1030 488 1111 placebat
507 1029 612 1090 Attiae
632 1028 739 1112 matri,
771 1029 977 1112 Philippoque
1001 1031 1132 1116 vitrico,
1161 1031 1239 1093 adiri
1249 1040 1290 1104 60

173 1133 362 1196 invidiosam
381 1132 533 1194 fortunam
553 1130 721 1208 Caesaris3
748 1129 807 1190 sed
826 1133 1011 1194 asserebant
1028 1133 1174 1195 salutaria
1193 1135 1240 1195 rei

80 1293 83 1300 r
174 1234 317 1314 publicae
339 1241 552 1314 terrarumque
576 1230 641 1293 orbi
661 1229 724 1292 tata
744 1230 936 1294 conditorem
963 1243 1239 1297 conservatorem-

174 1354 236 1416 que
256 1334 389 1397 Romani
407 1333 550 1396 nominis.
591 1333 721 1414 Sprevit
737 1332 843 1413 itaque
863 1335 1013 1396 coelestis
1032 1336 1154 1397 animus
1176 1337 1239 1398 hu-

173 1455 265 1499 mana
284 1437 431 1521 consilia,
461 1445 493 1498 et
512 1453 584 1516 oum
603 1434 743 1515 periculo
761 1435 867 1514 potius
887 1452 1030 1518 summa,
1061 1457 1153 1518 quam
1173 1447 1239 1500 tuto
1334 1481 1337 1485 -

172 1539 312 1622 humilia,
342 1536 504 1619 proposuit
532 1517 644 1619 sequi,
674 1536 843 1617 maluitque
869 1527 1025 1599 avunculo
1055 1548 1087 1600 et
1106 1537 1239 1602 Caesari

172 1639 212 1700 de
232 1656 269 1700 se
290 1655 384 1720 quam
400 1637 514 1698 vitrico
532 1636 681 1718 credere;
703 1635 865 1720 diotimus,
884 1642 977 1711 nefor
995 1657 1071 1717 esse,
1095 1659 1157 1718 prro
1175 1660 1237 1701 no-

171 1747 253 1800 mr'nc
286 1745 417 1800 Caesari
445 1745 557 1820 diurnus
590 1747 672 1797 esset
703 1745 804 1816 ninus,
832 1746 1029 1814 semetipsum
1055 1744 1113 1800 sibi
1130 1747 1240 1804 'videri

170 1848 340 1914 tentonem.
379 1841 473 1902 Hune
502 1837 643 1920 protinus
664 1838 823 1898 Antonius
848 1837 926 1903 (ios.
958 1839 1095 1920 superbe
1121 1842 1239 1923 exeipit

170 1942 291 2022 (neque
312 1945 341 2003 is
359 1951 426 2004 erat
442 1947 661 2021 contemptus,
682 1937 740 1998 sed
760 1938 896 2020 metus),
915 1939 1035 2021 vixque
1055 1941 1195 2004 admisso
1207 1945 1238 2006 in

169 2043 380 2124 Pompejanos
417 2043 526 2104 hortos
558 2039 706 2122 loquendi
735 2057 844 2100 secum
878 2048 1002 2121 ternpus
1031 2043 1129 2123 dedit3
1162 2061 1240 2110 mox

170 2145 275 2226 otiam,
294 2144 381 2206 velut
397 2142 521 2205 insidiis
535 2142 605 2223 ejus
618 2141 745 2226 petitus,
766 2141 905 2203 eoeleste
919 2143 1100 2205 insimulare
1117 2129 1235 2226 eoepit3

170 2247 202 2306 in
224 2264 285 2326 quo
305 2246 434 2326 turpiter
449 2242 649 2325 deprehensa
665 2240 735 2321 ejus
747 2243 872 2305 vanitas
887 2252 946 2305 est.
985 2245 1106 2323 Aperte
1123 2245 1238 2306 deiude

169 2347 297 2408 Antonii
317 2365 357 2408 ao
372 2346 564 2408 Dollabellae
580 2343 743 2407 consulum
765 2342 805 2403 ad
820 2341 986 2402 nefandam
998 2341 1235 2406 dominationem

131 2481 139 2488 ,
170 2449 271 2528 erupit
288 2447 381 2509 furor.
420 2449 478 2509 HS
500 2446 622 2526 septies
638 2443 767 2524 milliara,
798 2442 972 2523 depositum
992 2461 1012 2502 a
1037 2442 1075 2505 C.
1095 2442 1238 2506 Caesare

171 2547 212 2608 ad
231 2547 344 2607 aedem
365 2544 462 2627 Opis,
481 2554 668 2624 occupatum
688 2545 727 2605 ab
745 2544 896 2626 Antoni05
917 2552 1056 2606 actorum
1075 2543 1236 2625 ejusolam

169 2646 299 2708 insertis
328 2645 418 2708 falsis
447 2646 687 2727 incivilibusque
717 2646 853 2726 corrupti
883 2647 1108 2728 eommentarii;
1142 2656 1235 2730 atque

169 2748 273 2812 omnia
302 2749 402 2830 pretio
421 2757 609 2832 temperata,
638 2747 797 2810 vendente
826 2765 894 2808 rem
921 2746 1074 2828 publicam
1094 2751 1234 2812 consule.

167 2850 256 2911 ldenr
290 2849 484 2931 provinciam
517 2850 557 2910 Ι).
593 2850 707 2934 Bruto,
744 2850 910 2932 designato
941 2849 1036 2930 Cos,
1075 2851 1232 2917 decretam

171 3067 310 3127 suspicor,
328 3067 415 3126 ipsum
434 3063 565 3115 Caesaris
583 3068 617 3115 ab
635 3067 726 3116 aliena
741 3080 822 3117 manu
839 3063 976 3129 adjectum
995 3079 1071 3131 esse,
1097 3081 1157 3118 cnm
1175 3069 1234 3119 ele-

171 3155 269 3214 ganter
285 3151 465 3214 intelligatur.
483 3177 519 3188 -
536 3155 711 3217 semetipsam
727 3155 781 3206 sibi
796 3156 923 3220 Lipsius,
939 3156 1100 3206 Ruhnkenio
1119 3157 1234 3219 aliisque

171 3222 405 3304 adstipulantibus.
419 3242 496 3292 codd.
515 3244 609 3290 carent
626 3240 666 3310 τῷ
682 3242 745 3308 siti,
763 3244 834 3304 qnod
850 3245 974 3305 rapuisse
985 3245 1112 3295 videntur
1123 3245 1235 3296 litterae

171 3331 296 3391 utrinque
312 3331 430 3392 ticinae,
451 3341 512 3378 oum
527 3332 688 3392 praesertim
709 3332 794 3381 seribi
813 3333 950 3394 coepisset
968 3332 1073 3400 siai,'b
1092 3337 1120 3384 et
1137 3347 1155 3384 u
1168 3346 1234 3397 per-

169 3419 278 3480 mixtis,
299 3418 329 3466 ut
346 3429 430 3478 saepe
448 3416 525 3466 alias.
552 3441 587 3452 -
615 3414 674 3477 rjus
692 3420 774 3469 olum.
793 3419 871 3470 libri:
892 3416 1012 3480 ejusdem
1019 3457 1031 3488 ,
1051 3425 1128 3484 quasi
1146 3425 1234 3486 signi-

170 3504 298 3556 ficaretur
306 3507 450 3555 Antonius·
469 3517 551 3568 saepe
570 3509 684 3556 contusa
697 3508 723 3556 cl
737 3510 765 3557 et
782 3508 806 3556 d.
824 3533 860 3542 -
879 3507 1086 3576 incivilibnrpnc
1105 3511 1233 3574 corrupti

171 3594 371 3645 commentarii.
388 3593 546 3644 Rhenanus:
573 3619 607 3630 —-
632 3593 735 3664 falsis,
753 3591 966 3662 civitatibusque
979 3597 1136 3666 comptis,
1155 3601 1231 3648 com-

168 3682 321 3733 mentariis.
336 3683 368 3730 R.
382 3686 460 3732 neta:
478 3707 512 3718 —-
526 3682 627 3750 salsis,
645 3684 806 3751 vitiatisque
819 3687 848 3736 ct
859 3685 1001 3750 corruptis
1015 3686 1229 3737 commentariis.

168 3771 231 3821 lin:
248 3795 285 3806 -
299 3769 385 3835 fatris
404 3771 566 3836 vitiatisque
571 3807 584 3839 ,
611 3772 740 3837 corrupti
760 3774 960 3834 commentarii.
988 3765 1078 3823 lenior
1098 3776 1232 3826 medicina

168 3863 270 3922 nostra,
289 3862 507 3922 aptissimumque
523 3861 677 3910 sententiae
688 3860 856 3928 inciviliter,
874 3875 929 3912 vox
944 3861 1079 3927 Galliena,
1098 3874 1166 3923 quae
1176 3873 1231 3914 non

170 3949 299 4013 dedecet,
330 3951 443 4012 opiner,
472 3950 542 3998 iuno
567 3952 705 4006 nostruna
729 3951 868 4013 Appianas
884 3945 1010 4016 Ἕμφυλ.
1038 3950 1081 4013 ti,
1110 3965 1135 4014 p.
1154 3951 1229 4002 ditia
1257 3984 1264 3998 .

171 4045 245 4094 quem
264 4039 361 4088 eitarit
377 4037 540 4101 Baedorus,
570 4041 604 4088 de
625 4052 692 4090 auso
716 4041 770 4089 isto
788 4039 914 4088 Antonii:
945 4031 1046 4094 Πολλὰ
1069 4037 1100 4102 ἐς
1116 4040 1230 4094 πολλῶν

172 4120 256 4193 χάριν
281 4125 449 4196 προσετίθει
472 4127 523 4178 καὶ
542 4125 728 4199 ,ἐδωρεῖτο
756 4124 900 4186 πόλεσι,
930 4125 1226 4192 salinariorum,

173 4211 231 4259 καὶ
248 4223 324 4276 τοῖς
341 4211 479 4266 ἑαυτοῦ
498 4223 693 4287 φρουροῖς.
711 4226 778 4264 sane
791 4200 865 4262 'liaeo
883 4225 976 4274 parurn
994 4215 1084 4267 civilia
1098 4219 1226 4278 suerunt3

174 4295 347 4363 llrnneogalli
366 4304 489 4353 dicerent
506 4305 554 4354 der
572 4306 666 4356 cieras
682 4301 889 4366 impoputaires.
908 4303 943 4352 ot.
962 4301 1004 4354 2³.
