2990 4894
632 426 733 477 ursr.
759 427 796 477 u.
822 428 867 481 11.
1202 399 1282 480 iot·

220 575 337 660 ligura,
365 571 490 668 singule
512 559 748 631 recenseamus.
772 559 928 646 ¹(iustitie
947 559 1108 652 prudentio
1121 569 1274 636 'nomeu-⁶

221 677 331 761 polim,
350 675 602 750 interemptorem
621 668 725 732 fratris
743 669 795 732 sui
815 669 868 732 iiiii
894 669 1024 755 Cotyis,
1053 673 1274 764 couaortisque

222 775 364 859 ejusdem
383 771 520 855 imperii,
539 767 855 854 Romamevccavit,
867 769 1024 852 'singulari
1043 772 1074 834 in
1093 789 1139 834 so·
1150 774 1277 854 negotio

220 891 300 940 usus
314 887 410 952 opero
428 868 537 933 Flacci
549 869 727 956 Pomponii,
745 870 920 934 consularis
933 871 1010 952 v'iri,
1028 871 1091 934 neti
1107 870 1146 934 ad
1165 873 1280 962 omnia,

221 988 302 1058 quae
319 978 409 1035 reete
420 969 564 1034 faciende
582 979 665 1053 sunt,
685 959 880 1054 simplicique
892 973 1008 1036 uirtute
1022 973 1172 1036 merentis
1187 983 1277 1035 sema

221 1090 280 1156 per
307 1072 580 1156 quammptanus
609 1060 772 1154 glorium!¹
792 1059 872 1135 uum
898 1082 1012 1156 quante
1039 1074 1213 1158 greuitme,
1240 1077 1278 1137 'ut

223 1182 350 1238 senetur
366 1182 400 1236 ct
412 1171 529 1257 judex,
547 1189 609 1238 nou
629 1163 662 1236 ut
678 1173 851 1256 Princeps,
872 1181 995 1236 canms
1015 1175 1160 1255 pressius
1180 1173 1279 1237 audit!

224 1276 347 1358 quoties
366 1275 511 1370 populum
531 1273 702 1357 congiariis
730 1273 908 1354 honoravit3
929 1283 1179 1356 ¹senatorumque
1199 1292 1278 1337 ceuu
1396 1285 1398 1291 ·

223 1389 312 1461 sum,
343 1394 413 1438 eum
433 1375 467 1437 iti
494 1384 606 1439 senatu
624 1384 753 1438 auctore
769 1375 878 1440 tacere
895 1377 1009 1463 potuit,
1038 1369 1280 1466 ‘quamlibeuter
1293 1378 1308 1416 ·.,

224 1477 381 1565 explevit,
417 1485 451 1540 ut
483 1494 588 1559 neque
615 1475 767 1540 luxurium
793 1479 954 1561 invitaret,
986 1497 1090 1564 neque
1116 1479 1281 1543 uonesnm

224 1581 612 1664 paupertatem'puteretur
631 1577 782 1658 dignitate
801 1577 943 1642 destitui!
963 1577 1283 1664 Quibusproeeeptis

223 1672 408 1744 instruentum
429 1669 652 1743 Germanicum
671 1695 779 1765 snum,
797 1680 1208 1761 imbutumquerudimenfis
1219 1680 1283 1744 min
1342 1699 1345 1706 ·

224 1781 308 1845 litiae
327 1797 438 1844 secum
456 1771 565 1862 aetite,
595 1777 776 1841 domitorem
801 1783 921 1862 recepit
938 1777 1140 1844 Germaniae!
1171 1781 1283 1874 quibus

223 1879 388 1962 juventam
407 1880 481 1960 ejus
508 1878 719 1960 exaggeravit
746 1876 940 1965 honoribus,
963 1880 1172 1963 respondente
1200 1879 1285 1945 cultu

226 1981 371 2064 triumphi
387 1999 510 2068 rerum,
540 1995 621 2061 ques
639 1988 802 2067 gesserat,
830 1975 1047 2070 magnitudini!
1078 1991 1192 2066 quante
1210 1997 1284 2046 oum

228 2083 346 2146 honore
366 2072 605 2162 [Germanicum
622 2081 731 2162 suum]
759 2069 791 2146 iu
809 2082 1030 2146 transmarinas
1051 2080 1136 2147 misit
1152 2081 1285 2166 provisa

229 2183 316 2247 uias!
335 2201 426 2266 quam
446 2177 591 2246 celeriter
608 2182 762 2266 ingratum
782 2191 814 2246 et
826 2202 909 2246 nove
922 2181 1099 2247 molientem
1111 2177 1270 2262 oppressit
1276 2206 1285 2270 t

230 2281 302 2362 Qus
326 2285 379 2365 vi,
407 2283 621 2365 [consiliorum
646 2285 788 2363 suorum]
816 2285 958 2346 ministro
987 2291 1020 2347 ct
1048 2281 1187 2363 adjutore
1205 2299 1285 2345 usus

228 2385 351 2472 Druso,
369 2385 433 2448 iilic
451 2401 527 2473 suo,
551 2371 778 2447 Maroboduum
797 2382 1009 2445 inhaerentem
1034 2381 1179 2466 occupati
1195 2381 1287 2464 regui

229 2485 359 2568 fluibus,
377 2505 458 2567 pace
476 2483 651 2567 majestatis
670 2483 742 2562 ejus
762 2482 909 2570 dixerim,
927 2483 1015 2546 velut
1032 2490 1212 2565 serpentem
1226 2482 1287 2545 ab·

231 2591 366 2650 strusam
379 2594 491 2668 terroe,
511 2584 685 2647 salsioribus
698 2584 897 2648 consiliorum
911 2603 1038 2648 suorum
1049 2583 1287 2649 medicamentis

230 2840 285 2891 iao.
304 2839 336 2903 θ,
355 2839 388 2902 o,
406 2837 445 2903 1.,
470 2839 516 2890 ulii
540 2840 618 2888 recte
645 2837 781 2901 ltigslttns
808 2837 891 2887 edidit
916 2836 1047 2890 veracior
1070 2848 1120 2900 pro
1147 2836 1287 2905 colomp

234 2917 352 2988 itemque
371 2927 533 2988 Pomponius
558 2927 659 2976 nonen.
685 2926 850 2990 i’iotoriitus,
881 2909 927 2976 ubi
954 2937 1121 2976 cammarus
1138 2923 1288 2986 ponendum

233 3025 296 3064 esse
314 3013 432 3063 arbitror
448 3025 498 3074 pro
516 3012 652 3064 cominus.
677 3037 712 3048 -
731 3009 904 3065 merentie-
914 3009 1044 3078 pluriam.
1061 3011 1192 3062 iambicum
1208 3021 1290 3061 sena-

234 3101 307 3165 rius,
333 3100 382 3150 sed
407 3099 578 3164 tolerandus,
605 3099 702 3162 quippe
726 3113 813 3162 genus
835 3094 978 3162 uersuum,
1004 3100 1075 3162 quod
1100 3099 1147 3148 vix
1170 3097 1289 3163 elingere

235 3196 316 3251 posse
340 3189 464 3238 maiores
491 3186 569 3237 Rom.
593 3187 651 3248 ipse
676 3187 750 3237 dicet
768 3185 872 3237 'tiioero
890 3186 1021 3254 oratore,
1047 3198 1071 3236 c.
1089 3187 1137 3236 dd.
1161 3193 1196 3223 -·-
1221 3187 1290 3237 uum

235 3277 349 3342 monto.
365 3277 455 3327 irione
475 3273 543 3327 omn
554 3280 598 3341 qu.
615 3299 651 3311 -
670 3274 957 3340 poetice—destituit
973 3277 1040 3327 lece
1058 3265 1144 3340 vulgo
1160 3273 1290 3339 leguntur

236 3367 298 3426 imi
319 3363 522 3430 rtrttrrt'titudim',⁴
547 3365 685 3413 isteuero
709 3375 792 3428 quom
816 3363 989 3417 celeriter-
997 3363 1138 3430 oppressit
1161 3359 1292 3425 molere

236 3453 318 3502 mom
329 3460 431 3502 errore
447 3454 475 3501 in
491 3441 674 3514 superioribus
692 3455 755 3514 post
771 3453 883 3503 verbum
901 3449 1028 3504 coecavit
1043 3453 1134 3514 posrdt
1149 3447 1291 3509 nonnose

171 3539 180 3560 ⁶
238 3540 272 3590 de
289 3551 342 3602 quo
360 3539 521 3592 illeuanus:
536 3541 652 3605 „Ausim
664 3536 801 3608 „iuuere”
817 3527 917 3605 lnquit,
935 3552 1028 3606 ‚,eum,
1046 3540 1092 3603 qui
1107 3535 1184 3586 tuom
1201 3533 1292 3594 (cedi-2

239 3630 315 3686 cem]
330 3629 528 3694 descripserat,
544 3639 580 3678 ue
590 3629 701 3702 veroum
713 3624 819 3690 qrridem
832 3627 1015 3681 intellexisse:
1033 3627 1101 3676 adeo
1113 3623 1293 3673 omniserunt

237 3719 352 3767 contusa
368 3717 469 3780 absque
478 3715 551 3766 nilis
568 3715 675 3780 punctis
690 3719 739 3766 aut
754 3717 976 3768 distinctionibus.
987 3737 1023 3753 ν·-
1039 3713 1133 3775 Neque
1145 3710 1216 3760 cutm
1225 3703 1293 3771 'quis

238 3807 268 3854 tu
285 3801 370 3854 mults
386 3806 487 3867 eosque
504 3803 654 3855 edendum
671 3803 758 3870 legis,
784 3805 887 3856 idcirco
908 3803 1001 3855 'codex
1024 3799 1122 3864 planus
1136 3800 1213 3848 eret:
1238 3797 1293 3848 imo

237 3891 306 3944 uiirii
331 3895 392 3942 eret
414 3900 470 3943 non
487 3889 684 3958 deprarstsm”
701 3895 752 3944 ete
778 3889 901 3957 equidem
928 3887 1081 3954 copulande
1104 3887 1293 3950 commutis,

241 3982 389 4042 ensesque
405 3979 547 4031 medullis
562 3982 713 4043 separanda
729 3993 791 4033 esse
808 3967 968 4029 susurnam.
1003 3977 1066 4026 Diei
1082 3975 1204 4025 autema
1224 3961 1294 4026 Vei·

242 4064 299 4134 ieje
317 4070 504 4120 timnsniemn
520 4069 663 4136 lauretum
679 4072 708 4120 et
722 4082 796 4122 neon
811 4064 954 4132 moutam,
978 4073 1056 4114 nemo
1076 4061 1229 4128 menuitur,
1248 4063 1295 4125 qni

240 4159 388 4208 nuscum
404 4159 562 4219 uenerant
577 4158 680 4208 lionae
697 4157 747 4208 snit
765 4152 874 4204 ultorio
896 4150 1061 4204 libertatem.
1092 4163 1121 4203 r.
1147 4153 1221 4202 suet
1239 4147 1296 4199 Ge-

245 4239 332 4304 iig.1.
360 4265 396 4279 ·-·
420 4237 633 4306 [demanicatos
648 4241 745 4304 mrsu]
762 4238 967 4304 'soenmliorsnt
985 4237 1116 4304 morant]
1130 4237 1297 4304 gisnense

244 4327 365 4383 sublecta
381 4333 410 4382 lu
426 4330 532 4381 vicinis.
550 4353 586 4366 -
607 4331 764 4385 cestram
780 4329 882 4384 tmee.
902 4329 920 4379 i.
937 4342 961 4380 e.
979 4329 1006 4380 in
1025 4333 1115 4392 terra,
1134 4329 1204 4376 sicut
1216 4323 1296 4384 virg:
