2990 4894
266 337 313 409 ts
694 360 876 410 uncum
968 373 972 378 ·

264 503 336 566 acie
360 511 594 566 coucmrerunt.
633 504 755 584 Cornu,
780 504 832 566 cui
853 504 969 566 Brutus
994 517 1156 593 praeerat,
1186 511 1332 594 impulsis

264 603 424 690 hostibus,
439 613 544 668 caena
562 604 713 668 Caesaris
732 605 829 685 cepit.
847 605 948 684 (Nam
966 606 1037 686 ipse
1051 605 1181 695 Caesar,
1203 615 1331 677 etiamsi

262 705 496 769 infirmissimus
515 705 695 768 valetudine
714 714 796 785 erat,
825 706 928 770 obibat
952 707 1057 769 monia
1080 708 1185 795 ducis,
1218 725 1329 778 oratus

265 808 361 873 etiarn
387 808 431 869 ab
443 807 570 869 Artorio
594 806 734 886 medico,
765 826 806 866 ne
827 812 861 866 ta
876 814 991 868 castris
1009 817 1202 892 reomaeret‘,
1220 816 1326 877 mani..

186 927 192 950 ·
264 908 349 972 feste
372 907 602 972 denuntiatione
622 907 737 989 quietis
757 908 873 971 territo.
912 909 951 970 ld
967 917 1088 992 autern,
1106 913 1140 974 in
1160 932 1220 995 qno
1237 915 1324 978 (las-

265 1012 334 1074 sius
345 1009 457 1094 luerat,
475 1009 616 1088 fugatum
629 1010 759 1072 acmale
771 1009 938 1072 mulcatum
949 1010 982 1072 in
991 1010 1100 1074 altiora
1112 1029 1152 1074 se
1164 1027 1324 1096 receperat

264 1113 343 1176 loca
388 1113 468 1174 'lum
501 1111 655 1197 Cassius,
691 1127 735 1174 ex
767 1125 827 1190 sua
855 1109 978 1173 fortuna
1004 1119 1155 1176 eventum
1186 1115 1323 1196 collegae

265 1208 456 1295 aestimans,
475 1233 548 1276 curn
565 1212 739 1274 dimisisset
758 1219 941 1294 avendum,
956 1213 1174 1297 jussissetque
1196 1220 1329 1287 nuntiari

266 1315 342 1402 sibi,
361 1335 443 1394 qnae
461 1327 545 1380 esset
557 1319 720 1376 multitado
739 1333 777 1374 ao
795 1320 844 1374 cis
860 1319 1017 1376 homiaem
1022 1361 1032 1394 ,
1053 1335 1135 1392 puae
1148 1325 1192 1380 aa
1205 1337 1241 1380 aa
1257 1329 1330 1381 terr-

266 1423 371 1496 derst,
400 1416 519 1479 tardius
542 1414 774 1499 eonuntiante,
805 1431 877 1478 oum
902 1416 934 1477 in
965 1416 1070 1480 vicino
1102 1427 1194 1481 esset
1211 1438 1330 1502 agmen

266 1534 364 1582 eursu
388 1515 428 1578 ad
448 1513 744 1598 comtendentium,
761 1503 866 1597 neque
885 1518 1016 1596 pulvepe
1039 1519 1139 1581 facies
1156 1530 1211 1583 aut
1234 1523 1330 1604 signa

267 1617 407 1682 denotari
426 1625 573 1700 possent,
603 1617 805 1701 existimans,
833 1618 944 1682 hostes
968 1638 1064 1706 esse,
1093 1623 1145 1703 qui
1163 1622 1327 1703 irruerent,

264 1721 392 1784 lacerna
408 1727 502 1800 caput
520 1716 735 1803 circumdedit,
754 1727 975 1804 extentumque
994 1708 1155 1788 cervicem
1168 1725 1327 1787 interritus

265 1823 376 1886 liberto
406 1820 556 1902 praebuit.
604 1819 775 1884 Decioerat
799 1820 906 1886 Cassii
931 1833 1041 1909 caput,
1074 1843 1147 1888 cum
1171 1824 1326 1890 'evocatus

172 1924 178 1931 '
266 1923 413 2005 advenit,
431 1923 596 2004 nuntians,
615 1927 752 1989 Brutone
770 1929 1011 1986 assentatorem.
1051 1922 1204 2001 Quicum
1224 1929 1328 2008 impe-

266 2007 401 2088 ratorem
417 2031 608 2105 prostratum
627 2023 768 2109 videret,
799 2029 941 2105 Sequar,
973 2026 1086 2111 inquit,
1119 2045 1208 2106 acm,
1238 2047 1330 2105 paam

265 2145 336 2188 meo
348 2132 460 2188 occidit
475 2131 618 2204 tarditas,
638 2134 671 2188 et
688 2126 731 2187 ita
749 2127 782 2188 in
798 2125 936 2208 gladium
950 2126 1097 2190 incubuit.
1116 2126 1196 2190 Post
1207 2133 1330 2206 paucos

254 2227 382 2295 ‚deinde
409 2225 479 2290 dies
497 2227 614 2289 Brutus
634 2226 774 2290 conflixit
794 2244 864 2290 cum
889 2225 1048 2316 hostibus,
1068 2237 1100 2290 et
1120 2228 1225 2291 victus
1247 2230 1332 2314 acie,
1395 2259 1399 2264 ·

197 2359 199 2366 ’
266 2311 339 2396 cum
357 2331 389 2392 in
408 2330 557 2392 tumulum
576 2336 670 2392 nocte
687 2346 733 2392 ex
750 2329 827 2410 fuga
848 2344 885 2388 se
904 2328 1096 2409 recepisset,
1115 2330 1293 2406 impetravit
1309 2349 1330 2391 a

266 2433 414 2497 Stratone
435 2431 605 2514 Aegeate,¹
620 2429 760 2492 familiari
780 2447 854 2514 suo,
874 2437 907 2491 ut
924 2445 1049 2490 manum
1067 2429 1214 2498 moribuo
1236 2446 1328 2496 conr-

266 2534 408 2597 modaret
426 2533 500 2613 sibi,
530 2524 712 2614 rejectoque
739 2533 832 2594 laevo
851 2549 947 2612 super
967 2540 1061 2612 caput
1083 2531 1227 2614 brachio,
1256 2543 1328 2595 cum

266 2651 448 2696 mucronem
466 2633 563 2710 gladii
578 2632 648 2713 ejus
662 2633 794 2696 dextera
812 2643 925 2697 tenens
943 2633 1120 2713 [sinistrae]
1133 2632 1329 2708 admovisset
1345 2710 1351 2715 ,

265 2733 434 2817 mamillae,
454 2733 493 2794 ad
512 2753 583 2796 eum
602 2735 705 2816 ipsum
723 2736 847 2816 locum,
865 2755 926 2818 qua
946 2753 1001 2796 cor
1017 2735 1140 2816 emicat,
1159 2734 1323 2817 impellens

267 2851 305 2896 se
324 2833 356 2896 in
376 2833 508 2917 vulnus,
527 2854 589 2897 uno
608 2827 672 2899 ictu
692 2833 862 2898 bansfixus
882 2833 1046 2912 expiravit.
1143 2884 1146 2893 s

214 2948 256 3012 71
342 2936 488 2999 Protinus
506 2929 665 3022 Messala,
685 2933 935 3018 fulgentissimus
951 2932 1098 3021 juvenis,
1116 2937 1278 3016 proximus
1296 2937 1328 3000 in

266 3035 327 3098 illis
347 3037 460 3101 castris
480 3038 567 3102 Bruti
597 3037 767 3120 Cassiique
795 3035 986 3119 auctoritati,
1021 3053 1093 3099 cnm
1119 3049 1245 3123 essent,
1276 3041 1328 3120 qui

276 3195 506 3210 ——

338 3310 384 3361 '7⁰-
419 3312 574 3377 manifeste
592 3318 624 3368 N.
643 3319 770 3368 Heinslus
788 3318 818 3366 et
834 3315 873 3364 tt:
900 3311 1069 3378 manifestim
1097 3319 1212 3368 Vascos.
1232 3321 1261 3369 et
1280 3319 1329 3370 alli

268 3399 404 3454 nonnulli:
421 3404 576 3470 m-stae,
594 3417 707 3466 qnorum
723 3408 799 3469 prius
815 3416 871 3454 non
885 3402 1027 3469 displicet,
1045 3417 1098 3456 nec
1114 3411 1203 3458 tamen
1221 3410 1331 3466 videtin·

269 3491 461 3554 necessarium,
478 3500 539 3540 curn
556 3493 626 3542 nibil
644 3505 745 3547 causae
762 3497 814 3558 sit,
831 3504 879 3543 cor
889 3504 944 3542 non
955 3492 1102 3557 manifeste
1114 3498 1228 3546 terr-ltus
1239 3501 1331 3558 quiete
1404 3531 1407 3540 ·

269 3581 451 3632 denuntianda
475 3578 581 3628 dicabrr
609 3581 744 3632 Artorius.
774 3583 823 3634 sed
852 3579 1002 3645 manasseto
1025 3584 1176 3644 ponendum
1202 3586 1329 3646 arbitror,

269 3671 341 3732 quod
355 3671 444 3732 magis
459 3667 595 3718 adratum.
613 3689 648 3704 -
676 3673 829 3726 mamaeam
844 3671 945 3733 primns
963 3671 1107 3721 Puteanus.
1126 3671 1205 3723 libri:
1223 3675 1329 3724 matta·

269 3759 343 3825 tras,
359 3761 389 3810 ut
407 3758 494 3808 errari
510 3754 582 3806 solet
598 3756 628 3804 in
643 3755 696 3804 boc
711 3761 806 3810 verbo.
824 3781 859 3800 ·-
875 3758 1005 3826 condicit
1020 3772 1082 3812 eum
1093 3761 1223 3812 bostibm.
1240 3757 1329 3817 suspi-

269 3853 333 3909 cor,
359 3847 461 3900 iterant
487 3845 621 3896 excidisse
647 3843 720 3890 iuter
743 3845 843 3900 stmnra
870 3848 917 3900 ..ft
935 3861 1004 3900 mm.
1030 3869 1066 3884 -
1092 3841 1261 3911 [pinum]
1276 3841 1330 3890 boc

268 3934 364 3984 nescio
382 3938 441 3999 quis
459 3934 635 3997 adscripsisse
646 3931 757 3980 videtur
775 3937 899 3985 acumine
916 3937 1019 4000 inepto,
1038 3945 1099 3987 cum
1113 3935 1198 3984 verba
1209 3930 1329 3980 deutera

269 4017 299 4066 et
309 4007 613 4087 anneae'opponsret
631 4016 666 4056 -'-
682 4015 832 4083 miravit.
848 4020 1003 4072 schaderias
1013 4026 1092 4074 blisc.
1105 4022 1167 4072 om.
1179 4019 1213 4081 9.,
1225 4029 1251 4078 ρ·
1263 4015 1325 4068 170.

269 4115 413 4168 perperam
431 4115 514 4174 (pace
531 4109 685 4161 ltubnlreuli
701 4106 802 4161 dicam)
819 4109 903 4157 scrlbt
917 4103 1001 4172 jussit
1015 4111 1105 4177 eapir.
1121 4103 1258 4173 mobaris,
1276 4107 1329 4157 buc

269 4194 410 4256 monneto
428 4199 560 4252 asumma
577 4211 596 4250 e
612 4197 745 4264 principio
761 4195 900 4259 sequentis
918 4200 1031 4265 captos,
1051 4199 1096 4248 ont
1111 4195 1175 4244 loeo
1189 4187 1328 4259 jungendo

270 4281 454 4347 superioribus
480 4290 572 4347 aptum
600 4290 658 4352 ert,
688 4297 749 4338 curn
772 4285 817 4338 lde
841 4285 931 4337 balab
953 4289 1065 4342 caodsm
1090 4284 1249 4348 trigcsbqus
1270 4287 1351 4350 post·
