2998 4896
251 344 298 417 lt
700 367 862 418 trunsum

250 508 352 586 Quem
374 508 476 571 virum
495 508 567 590 quis
590 527 652 570 uon
672 511 815 594 miretur,
843 529 900 590 per
919 519 962 572 tot
981 511 1227 576 extraordinaria
1251 515 1315 576 im-

247 611 335 690 peria
352 612 384 672 in
404 629 559 672 summum
579 610 740 690 fastigium
759 619 918 694 evectum,
940 610 1042 690 iniquo
1063 611 1177 672 tulisse
1196 614 1313 698 auimo,

248 709 286 772 C.
309 711 459 774 Caesaris
477 713 509 773 in
525 714 623 774 altero
642 712 805 772 consulatu
824 709 960 789 petendo
984 718 1124 772 senatum
1141 713 1310 791 populum-

246 826 308 894 que
332 812 372 876 li.
400 813 550 875 rationem
576 805 717 872 habero?
757 809 850 870 Adeo
882 810 1033 871 familiare
1059 819 1110 870 est
1133 811 1308 875 hominibus

246 912 348 972 omnia
381 910 440 971 sibi
473 911 662 990 ignoscere,
691 909 766 971 nihil
790 909 861 970 'aliis
894 911 1068 996 remittere,
1088 919 1135 972 -et
1163 911 1310 974 invidiam

245 1030 348 1073 rerum
374 1031 436 1074 ncn
470 1011 511 1072 ad
537 1028 666 1074 causam
673 1010 777 1091 ,seu
809 1008 849 1070 ad
875 1009 1066 1070 voluntatem
1092 1027 1308 1092 personasque

245 1112 392 1192 dirigere.
440 1114 513 1175 Hoc
539 1114 704 1176 consulatu
719 1109 890 1191 Pompejus
913 1108 1097 1170 tribunitiam
1122 1119 1310 1190 potestatem

244 1213 393 1296 restituit,
421 1212 512 1294 cujus
542 1214 630 1276 Sulla
655 1211 824 1292 imaginem
851 1211 921 1270 sine
948 1228 982 1270 ra
1005 1211 1186 1290 reliquerat.
1229 1212 1311 1272 Dum

244 1315 459 1376 Sertorianum
485 1314 598 1376 bellum
618 1313 650 1371 in
669 1311 823 1388 Hispania
844 1311 981 1395 geritur,
1002 1310 1114 1372 LXlV
1132 1312 1274 1396 fugitivi,
1292 1332 1310 1373 e

241 1415 314 1476 ludo
334 1415 517 1496 gladiatorio
538 1411 648 1490 Capua
667 1409 903 1494 profugientes,
923 1410 1005 1472 duce
1021 1411 1192 1497 Spartaco,
1212 1414 1309 1493 raptis

242 1530 284 1574 ex
304 1532 344 1573 ea
363 1513 439 1574 urbe
454 1511 586 1594 gladiis,
605 1512 704 1591 primo
726 1504 905 1574 Vesuvium
924 1521 1059 1574 montem
1075 1513 1212 1593 petiero,
1233 1531 1308 1575 mox

241 1621 409 1674 crescente
431 1613 463 1674 iu
488 1611 557 1674 dies
576 1611 789 1696 multitudine,
818 1613 970 1690 gravibus
991 1615 1152 1696 variisque
1179 1614 1307 1678 casibus

239 1711 378 1776 affecere
398 1715 528 1780 ltaliam.
570 1712 711 1790 Quorum
729 1731 879 1776 numerus
899 1714 931 1775 in
952 1699 1068 1776 tantum
1089 1715 1242 1792 adolevit,
1262 1722 1305 1795 ut,

239 1831 302 1894 qua
327 1813 430 1875 ultima
450 1813 642 1874 dimicavere
670 1815 757 1896 acie,
784 1815 954 1895 nonaginta
975 1813 1069 1875 millia
1090 1815 1247 1876 hominum
1267 1831 1304 1874 se

238 1912 382 1973 Romano
405 1913 559 1974 exercitui
583 1916 811 1991 opposuerint..
833 1915 936 1993 Hujus
959 1911 1105 1994 prostrati
1129 1916 1228 1994 gloria
1244 1934 1304 1995 pe-

240 2012 364 2086 nesM.
387 2009 540 2072 Crassum
560 2009 633 2093 tuit,
653 2027 727 2072 mox
747 2011 840 2092 Reip.
861 2030 972 2074 somno
991 2015 1175 2093 principem.

187 2126 227 2190 31
245 2163 247 2168 ,
316 2111 526 2174 Converterat
541 2112 600 2174 Cn.
612 2112 754 2190 Pompeii
773 2130 910 2192 persona
930 2122 1027 2175 totum
1046 2114 1078 2174 in
1099 2132 1136 2174 se
1153 2123 1304 2178 terrarum

240 2211 357 2296 orbem,
369 2219 411 2273 ⁴et
429 2231 486 2292 per
507 2212 609 2274 omnia
628 2212 725 2272 maior
745 2211 817 2272 aevi
838 2211 1015 2276 habebatur.
1057 2213 1204 2291 Quicum
1226 2215 1305 2276 Cos.

138 2305 140 2309 ’
236 2331 388 2394 perquam
412 2312 604 2374 laudabiliter
623 2310 781 2395 jurasset,
802 2331 836 2373 se
858 2319 891 2372 tn
912 2319 1033 2373 oollam
1053 2321 1247 2389 provinciam
1260 2333 1307 2372 eo,-

238 2433 287 2476 eo.
300 2422 487 2490 maytstratu
511 2421 644 2492 iturum,
672 2413 767 2496 idque
790 2420 973 2496 servasset,
991 2419 1064 2492 post
1084 2411 1239 2473 biennium
1259 2411 1304 2470 A.

238 2510 392 2575 Gabinius
417 2513 557 2576 tribunus
584 2515 690 2596 legem
713 2515 796 2599 tulit,
829 2522 878 2598 ut,
906 2531 977 2576 cum
1006 2513 1079 2575 belli
1107 2531 1211 2597 more,
1241 2530 1304 2573 non

236 2613 483 2694 latrociniorum,
513 2612 620 2674 orbem
649 2617 806 2676 classibus
824 2614 908 2696 jam,
937 2635 999 2677 non
1019 2614 1142 2676 furtivis
1167 2612 1305 2694 expedi·

239 2709 389 2795 tionibus,
410 2710 528 2788 piratae
548 2718 719 2795 terrerent,
740 2715 1065 2794 quasdamqueetiam
1082 2714 1189 2775 ltaliae
1207 2713 1304 2774 urbes
1336 2735 1345 2746 ·

236 2809 455 2894 diripuissent,
476 2809 535 2872 Cn.
555 2808 727 2890 Pompejus
743 2811 783 2872 ad
798 2830 855 2873 eos
879 2812 1100 2891 opprimendos
1119 2813 1303 2894 mitteretur,

237 2919 389 2992 essetque
416 2911 446 2971 ei
466 2911 628 2994 imperium
654 2926 788 2991 aequum
816 2913 850 2972 in
873 2913 1016 2974 omnibus
1037 2915 1209 2993 provinciis
1231 2933 1302 2977 cum

235 3011 477 3090 proconsulibus
499 3029 603 3092 usque
618 3011 667 3073 ad
686 3011 980 3093 quinquagesimum
995 3012 1167 3075 milliarium
1182 3014 1301 3074 amari.

236 3107 307 3185 Quo
328 3109 364 3171 S.
396 3109 435 3172 C.
454 3131 555 3193 paene
578 3114 673 3175 totins
693 3122 845 3175 terrarum
865 3111 949 3173 orbis
969 3112 1131 3192 imperium
1155 3113 1207 3173 uui
1231 3113 1311 3174 viro'

235 3207 462 3296 deferebatur3³
481 3210 572 3289 [sed]
593 3221 696 3273 tamen
718 3213 803 3272 idem
835 3212 897 3272 lroc
919 3220 992 3273 ante
1017 3212 1172 3273 biennium
1196 3212 1228 3272 in
1254 3213 1304 3274 Μ.

240 3321 468 3340 *nun—u-

305 3367 349 3416 80.
386 3368 493 3422 sinere
512 3375 553 3421 ed.
573 3376 655 3423 Basil.
674 3378 727 3424 etc.
746 3377 811 3424 Mss.
831 3374 994 3435 depravate:
1012 3369 1129 3433 injure.
1151 3397 1185 3409 -
1205 3375 1301 3426 cleti-¹

237 3462 286 3510 bns
304 3469 352 3520 pro
370 3455 480 3506 casibus
497 3459 598 3508 Duker.
626 3461 753 3511 adFlor.
773 3460 1042 3523 2‚18‚2.etalli.
1070 3485 1105 3496 —
1134 3462 1296 3524 rionaptnta.

236 3549 277 3595 ita
289 3545 411 3596 Vossius.
428 3556 454 3591 v·
468 3545 500 3609 B,
514 3545 562 3593 Kr·
579 3571 615 3584 -
632 3545 733 3612 Helius,
747 3551 881 3610 spartaci.
891 3573 926 3584 —
943 3545 1092 3612 prostrati.
1105 3547 1156 3594 lico
1167 3548 1297 3605 scriptum

237 3647 286 3696 per
305 3633 488 3695 compendium
506 3634 636 3682 mutatum
655 3637 698 3684 est
718 3639 746 3685 in
768 3637 890 3700 patrati,
909 3637 980 3696 quod
994 3635 1130 3696 oggerunt
1154 3633 1299 3694 praeposi-

238 3723 320 3774 tionis
336 3721 408 3772 libri.
426 3743 461 3758 ·-
477 3713 590 3787 somno,
608 3734 659 3783 per
677 3725 823 3786 sumntum,
844 3733 899 3772 non
917 3735 955 3770 re.
974 3722 1059 3773 liber:
1080 3719 1161 3770 omni.

247 3853 252 3860 .
306 3809 348 3858 ³1.
383 3805 476 3870 maior·
487 3809 565 3861 ⁴cesai.
587 3811 679 3859 notu:
698 3804 807 3868 majore
821 3811 858 3861 et.
877 3811 1031 3860 emendavit
1043 3811 1072 3858 n.
1087 3811 1133 3859 W.
1144 3805 1301 3864 Luxdorplt.

237 3897 307 3956 apud
337 3900 368 3948 Τ.
396 3900 542 3949 Badenlum
575 3898 604 3946 in
629 3899 716 3947 Novis
750 3897 859 3947 Annali.
890 3897 1060 3957 annologiam
1085 3898 1140 3946 etc.
1166 3908 1191 3944 a.
1221 3891 1302 3954 18³2,

237 3981 368 4043 supplem.
387 3985 426 4051 1.,
444 3990 521 4050 parte
539 3985 579 4049 2.,
594 3999 595 4003 ’
609 3997 669 4034 cum
687 3983 814 4034 Acidalio
831 3985 982 4046 placuisset
1000 3984 1083 4034 scribi
1108 3977 1202 4042 mutor
1220 3993 1300 4030 ceco.

237 4071 306 4130 benc
325 4069 563 4136 Pompejusaudit
582 4073 673 4125 maior
693 4071 771 4138 oevi,
803 4073 821 4119 i.
842 4083 866 4120 e.
885 4072 930 4118 vir
952 4081 1066 4132 magnus
1091 4071 1152 4118 sive
1169 4069 1299 4117 maximus

238 4157 325 4212 seculi
341 4159 392 4209 sui.
411 4184 444 4196 -
472 4161 558 4226 [seit]
576 4165 676 4220 tantan.
694 4171 793 4214 vereor
810 4161 840 4212 ut
858 4160 1003 4221 genuinum
1022 4158 1060 4206 sit
1076 4158 1141 4222 seit,
1160 4157 1222 4218 quia
1238 4160 1297 4206 sta-

240 4248 286 4298 tim
305 4248 427 4308 sequitur
444 4249 502 4300 seat
519 4251 667 4303 interdum.
692 4276 725 4290 -
749 4251 814 4302 unte
833 4247 976 4300 biennium.
1001 4247 1120 4297 tortasse
1139 4244 1210 4296 Vell.
1228 4246 1300 4294 scri-
