2998 4896
247 348 294 421 20
695 368 855 420 vnnnnrr

249 519 351 580 minus
370 517 469 597 turpia
488 533 527 578 ac
546 515 740 577 detestabilia
758 513 939 574 Mancinum
957 513 1121 574 Hostilium
1136 514 1215 578 Cos.
1237 517 1307 578 Sed

249 615 430 698 Pompeium
450 616 552 698 gratia
573 616 753 697 impunitum
771 612 890 690 babuit3
912 612 1090 674 Mancinum
1100 615 1308 696 verecundia,

249 719 371 799 culpam
392 739 452 780 non
472 716 665 801 recusando,
686 713 832 796 perduxit
850 715 923 794 huc,
942 724 975 776 ut
994 733 1049 794 per
1060 713 1184 776 fetiales
1202 716 1308 777 nudus

250 839 292 883 ac
307 829 381 902 post
398 829 521 902 tergum
539 818 682 904 religatis
693 815 840 878 manibus
852 812 1020 878 dederetur
1032 815 1182 878 hostibus.
1202 815 1303 893 Quem

249 921 292 984 illi
311 922 453 1002 recipere
473 939 511 984 se
530 926 746 1003 negaverunt,
779 915 861 976 sicut
890 915 1045 996 quendem
1064 916 1195 978 Caudini
1213 918 1306 980 lece-

248 1033 333 1108 rant,
352 1023 507 1104 dicentes,
525 1023 679 1104 publicam
697 1017 896 1083 violationem
914 1013 989 1075 fidei
1008 1036 1070 1077 non
1088 1016 1305 1080 debereuuius

249 1125 291 1186 lui
311 1123 476 1204 sanguiue.

219 1236 241 1298 2
325 1225 494 1288 immanem
514 1224 629 1287 deditio
642 1221 782 1283 Mancini
801 1218 936 1280 civitatis
956 1219 1054 1280 movit
1067 1219 1306 1286 dissensionem.

251 1323 375 1409 Quippe
405 1327 473 1388 dih.
503 1322 687 1401 Gracchus,
729 1319 798 1381 tib.
817 1317 982 1402 Gracchi,
1020 1320 1186 1382 clarissimi
1214 1331 1308 1405 atque

251 1426 488 1489 eminentissimi
506 1422 580 1504 viri,
599 1421 700 1504 lilius,
732 1419 768 1482 P.
788 1418 931 1482 Africani
950 1437 993 1480 ex
1019 1420 1081 1483 filia
1099 1441 1216 1506 nepos,
1246 1442 1307 1506 quo

252 1521 419 1606 quqestore
438 1532 470 1584 et
491 1532 619 1584 auctora
638 1521 671 1584 id
689 1521 802 1584 foedus
821 1522 915 1586 ictum
946 1530 1029 1604 erat,
1057 1533 1154 1586 nuuc*
1168 1526 1309 1604 graviter

251 1624 359 1686 terena
377 1620 491 1705 aliquid
511 1639 531 1685 a
550 1639 589 1684 se
607 1631 732 1704 pactum
751 1623 913 1702 infirmari,
941 1641 1026 1686 nunc
1050 1625 1159 1688 similis
1183 1627 1235 1686 vel
1254 1626 1306 1688 iu-

252 1725 324 1788 dicii
343 1723 396 1786 vel
415 1741 537 1805 poenae
555 1734 700 1787 metuens
719 1724 904 1804 discrimen,
934 1725 1074 1788 tribunus
1093 1727 1193 1807 plebis
1213 1744 1307 1790 crea-

251 1836 315 1910 tus,
335 1826 401 1905 (vir
410 1825 523 1906 alioqui
536 1826 602 1886 vita
614 1826 900 1910 innocentissimus,
919 1828 1046 1910 ingenio
1059 1826 1306 1912 florentissimus,

252 1926 410 2008 proposito
430 1926 661 2010 sanctissimus,
679 1927 774 1988 tantis
794 1928 928 2010 denique
948 1929 1116 1991 adornatus
1134 1931 1309 2015 virtutibus,

252 2034 384 2110 quantas
412 2023 553 2106 perlecta
586 2035 618 2088 et
643 2026 753 2089 naturd
777 2036 809 2089 et
833 2029 984 2090 industria
1011 2028 1148 2090 mortalis
1174 2032 1309 2094 conditio

132 2185 136 2192 .
251 2127 377 2210 recipit)
405 2125 443 2190 P.
463 2125 571 2189 Mucio
591 2125 766 2209 Scaevola,
794 2129 831 2190 11.
857 2128 1023 2211 Calpurnio
1053 2125 1168 2212 Coss,
1197 2130 1309 2194 abhinc

251 2245 352 2292 annos
372 2227 491 2292 chxn
516 2227 651 2291 descivit
680 2245 699 2290 a
732 2227 839 2310 bonis3
871 2221 1089 2312 pollicitusque
1121 2231 1175 2293 toti
1203 2230 1308 2294 ltaliae

252 2329 426 2411 civitatem,
447 2329 538 2393 simul
558 2330 650 2393 etiam
668 2331 873 2412 promulgetis
894 2332 1026 2413 agrariis
1045 2332 1186 2414 legibus,
1206 2335 1309 2394 omni-

253 2431 311 2494 bus
339 2441 452 2497 statam
480 2431 794 2514 concupiscentibus,
824 2448 945 2500 summa
970 2432 1041 2494 imis
1060 2434 1201 2516 miscuit,
1227 2442 1259 2495 et
1276 2415 1309 2495 ¹in

252 2541 449 2614 praeruptum
469 2539 564 2613 atque
582 2551 703 2615 auceps
721 2534 892 2615 periculum
913 2533 1040 2597 adduxit
1059 2553 1125 2597 rem
1141 2534 1310 2616 publicam3

254 2633 388 2696 Octavio
408 2633 568 2719 collegae,
586 2653 643 2714 pro
662 2634 743 2698 bono
762 2635 886 2716 publico
903 2638 1015 2717 stanti,
1035 2636 1195 2718 imperium
1215 2635 1309 2720 abro-

142 2743 144 2752 ’
253 2733 356 2816 gavit3
390 2733 569 2796 triumviros
600 2735 686 2818 agris
707 2733 884 2796 dividendis
903 2735 1096 2815 coloniisque
1116 2733 1310 2797 deducendis

255 2833 375 2897 creavit
398 2851 453 2917 se,
482 2851 690 2916 socerumque
710 2850 819 2912 suum,
852 2832 1064 2917 consularem,
1090 2833 1244 2918 Appiruu,
1278 2844 1311 2896 et

255 2933 293 2999 0.
314 2931 494 2998 Gracchum
516 2933 659 3018 fratrem,
681 2930 847 3002 admodum
866 2934 1027 2999 iuvenem.

225 3053 246 3118 3
331 3035 411 3098 Tum
430 3035 466 3098 P.
487 3035 594 3116 Scipio
614 3035 750 3123 Nasica,
780 3034 885 3116 (eius,
912 3033 963 3117 qui
985 3036 1118 3117 optimus
1142 3037 1232 3132 viria
1250 3054 1306 3098 se-

255 3143 328 3198 natu
348 3135 501 3198 iudicatus
531 3145 613 3224 erat,
640 3153 755 3217 nepos3
785 3135 870 3219 eius,
897 3137 949 3219 qui
975 3155 1090 3199 censor
1114 3139 1253 3217 porticus
1279 3139 1309 3199 in

256 3233 409 3320 Capitolio
436 3235 575 3320 lecerat,
605 3235 703 3317 lilius,
735 3255 893 3318 pronepos
922 3246 1024 3300 autem
1054 3234 1112 3299 Cn.
1143 3239 1310 3324 Scipionis,

257 3336 451 3402 celeberrimi
469 3337 544 3422 viri,
563 3337 599 3400 P.
613 3337 752 3401 Africani
772 3338 888 3420 patrui)
907 3338 1111 3419 privatusque
1128 3347 1159 3400 et
1174 3349 1310 3420 togatus,

258 3449 437 3504 comesset
463 3438 669 3503 consobrinus
697 3438 765 3502 tio.
796 3435 951 3522 Gracchi,
979 3438 1107 3519 patriam
1133 3442 1312 3522 cognationi

262 3541 474 3560 ffl-

255 3587 366 3652 pentura
384 3588 446 3648 post
465 3595 561 3634 vocem
578 3579 753 3651 Pompqt'om,
771 3588 884 3634 auctore
896 3582 1031 3634 Acidalio.
1047 3605 1083 3620 ·-
1101 3584 1311 3648 colpamhtsa:

258 3673 370 3742 quippe,
398 3675 458 3722 cet
474 3683 509 3734 qu
538 3673 695 3736 pomtxtts;
725 3674 801 3722 cuius
828 3673 870 3722 ret
896 3683 951 3721 non
978 3674 1075 3722 desunt
1098 3671 1310 3736 aliaexempla:

260 3759 336 3812 velut
353 3762 422 3826 apud
441 3758 564 3812 Plautum
579 3762 661 3810 Most.
677 3757 705 3822 4,
723 3760 750 3822 Β,
770 3759 814 3807 69.
834 3758 908 3826 loqui
926 3773 974 3822 pro
991 3760 1045 3812 loci
1063 3760 1165 3822 legitur
1182 3762 1209 3810 in
1226 3761 1311 3812 libris.
1381 3819 1383 3826 Ι
1480 3745 1481 3758 ’

139 3851 146 3866 ·
261 3847 297 3894 ct.
312 3847 372 3900 lot.
389 3874 424 3886 -
437 3847 565 3914 [oemunt
582 3847 644 3911 Ka,
662 3855 774 3897 auctore
793 3849 852 3898 Nic.
871 3847 992 3898 Heinsio.
1010 3835 1108 3911 vulgo:
1125 3848 1261 3912 fecerum.

329 3933 356 3982 fl·
388 3939 504 4002 portiom
520 3935 567 3986 Kr.
585 3934 664 3986 ltbrt:
682 3933 798 3999 [actum.
815 3949 843 3986 v.
861 3938 927 3998 Kc,
954 3937 1059 3986 lacobs.
1077 3939 1111 3986 ad
1127 3939 1187 3987 htv.
1208 3937 1259 3998 83,
1279 3935 1312 3998 h,

261 4029 311 4070 nos
328 4019 441 4076 tntertur
458 4028 492 4076 ad
512 4023 571 4076 tta.
589 4046 624 4062 -
649 4022 771 4076 comibus
787 4026 893 4078 atatam
910 4037 1002 4093 cona,
1029 4036 1089 4075 cum
1106 4037 1198 4076 omues
1213 4027 1313 4076 statum
1480 4053 1481 4096 ι

262 4112 400 4170 cuperent.
429 4115 535 4164 anuum
560 4114 665 4166 etatum
693 4111 823 4164 habentor
847 4113 915 4164 dixit
945 4112 991 4162 ta.
1018 4136 1052 4151 -
1079 4111 1203 4166 Octauio.
1233 4111 1322 4164 ltbrlo
1480 4103 1481 4186 l

263 4191 447 4262 detectoque,
466 4199 718 4280 copulaplnculcata
736 4203 846 4262 praeter
863 4203 1072 4278 necessitatem,
1092 4207 1122 4252 ut
1138 4213 1225 4262 saepe
1237 4200 1315 4252 allas.
1480 4187 1481 4204 ¹

260 4308 296 4321 -
317 4281 346 4334 0.
369 4280 632 4340 cronchomme
651 4291 753 4340 exctdtt
773 4287 802 4340 0.
821 4290 868 4340 vel
884 4291 909 4344 c
925 4293 1038 4356 propter
1057 4291 1082 4340 e
1097 4301 1220 4350 sequens.
