2998 4896
588 387 689 436 urar.
716 387 752 434 n.
781 387 825 435 11.
1101 408 1109 415 -
1188 363 1236 435 ot

176 531 329 595 Romanis
349 530 461 612 Capua
477 531 508 592 in
529 530 659 591 formam
677 527 895 607 praefecturae
913 529 1042 593 redacta
1062 539 1138 592 erat.
1177 531 1235 592 Bi·
1274 517 1281 528 ⁶

174 633 285 710 bulus,
306 632 431 712 collega
457 629 630 708 Caesaris,
663 647 734 691 cum
757 631 899 692 actiones
924 630 993 711 ejus
1017 633 1119 712 magis
1139 633 1236 694 vellet

173 733 325 814 impedire
349 750 442 815 quam
473 738 600 814 posset,
629 728 748 809 majore
767 739 856 809 parte
875 733 948 792 anni
969 731 1051 792 domi
1071 749 1109 794 se
1128 733 1234 794 tenuit

175 833 247 912 Qun
265 835 351 897 facto
371 832 445 894 dum
464 849 584 913 augere
602 830 670 892 vult
684 830 834 892 invidiam
848 833 1003 916 collegae,
1022 833 1109 895 auxit
1121 843 1236 913 poten·-

173 936 255 997 tiam.
295 934 376 994 'lum
394 931 528 994 Caesari
545 931 694 994 decretae
713 933 744 992 in
768 934 1012 1015 quinquennium
1036 930 1173 996 Galliae:

230 1037 293 1096 Per
313 1031 397 1094 idem
416 1041 540 1113 tempus
562 1031 600 1092 P.
626 1029 775 1109 Clodius,
804 1033 898 1095 homo
926 1035 1057 1120 nobilis,
1087 1035 1235 1118 disertus,
1245 1033 1286 1096 45

175 1135 296 1215 audax,
316 1134 369 1215 qui
384 1151 488 1214 neque
509 1131 634 1195 dicendi
657 1150 763 1213 nequo
781 1131 918 1195 faciendi
936 1136 1048 1218 ullum,
1067 1136 1128 1197 nisi
1143 1154 1236 1216 quem

174 1238 289 1320 vellet,
324 1245 437 1298 nosset
460 1234 600 1316 modum,
641 1233 793 1322 malorqm
826 1236 1055 1315 propositorum
1085 1245 1237 1300 executor

174 1339 367 1414 acerrimus,
395 1335 519 1400 infamis
542 1337 636 1422 etiam
664 1335 783 1397 sororis
816 1344 925 1415 stupro
950 1345 982 1398 et
1006 1345 1097 1400 actus
1122 1338 1237 1400 incesti
1335 1417 1343 1430 ·

174 1459 250 1502 rens
270 1441 309 1502 ob
328 1440 435 1502 initum
454 1439 535 1502 inter
551 1437 792 1518 religiosissima
804 1436 844 1497 P
866 1435 908 1500 lt.
931 1454 1024 1500 sacra
1042 1438 1237 1520 adulterium,

175 1561 246 1604 cum
265 1558 386 1621 graves
406 1540 583 1602 inimicitias
597 1557 669 1602 cnm
693 1537 740 1602 111.
764 1537 921 1602 Cicerone
942 1550 1126 1620 exerceret,
1145 1541 1236 1622 (quid

175 1643 258 1704 enim
276 1643 357 1704 inter
378 1649 441 1702 tam
461 1639 631 1702 dissimiles
653 1641 788 1702 amicum
809 1657 886 1702 esse
903 1636 1066 1720 poterat‘d)
1086 1652 1157 1704 eta
1175 1661 1236 1723 pa-

159 1744 311 1825 ‘tribusa
336 1743 459 1824 plebem
477 1742 666 1824 transisset,
697 1742 803 1821 legem
831 1742 862 1802 in
887 1740 1041 1806 tribunatu
1062 1727 1146 1805 tulit:
1177 1750 1238 1816 Qut

174 1852 272 1906 ricem
295 1851 333 1906 a.
354 1851 565 1906 moncatum
585 1849 808 1920 interemisset,
832 1850 863 1902 er·
882 1861 969 1920 opero
996 1854 1027 1905 et
1052 1851 1117 1919 iqua·
1134 1851 1236 1906 terter-

174 1951 339 2006 dr'oeretur.
392 1941 514 2020 Quibus
541 1942 650 2004 verbis
681 1943 742 2004 etsi
771 1963 832 2005 non
867 1945 1080 2008 nominabatur
1110 1945 1235 2030 Cicero,

58 2127 61 2135 Ι
175 2056 277 2108 tamen
299 2048 387 2108 solus
412 2044 586 2127 petebatur.
634 2044 681 2106 lta
703 2045 753 2106 vir
773 2045 889 2126 optime
907 2046 1098 2109 meritusde
1117 2067 1153 2108 re
1173 2067 1235 2128 prr-

174 2143 257 2210 tilica
279 2157 488 2211 conservatae
509 2146 628 2226 patriae
650 2148 783 2227 pretium
813 2149 1020 2210 calamitatem
1046 2149 1131 2210 exilii
1145 2150 1234 2212 tulit.

173 2251 249 2312 Non
278 2257 446 2312 caruerunt
475 2247 659 2328 suspicione
678 2250 832 2330 oppressi
858 2248 1025 2311 Ciceronis
1055 2248 1177 2311 Caesar
1203 2260 1236 2314 et

172 2349 355 2431 Pompejus.
393 2351 466 2415 lloc
487 2348 546 2410 sibi
575 2350 774 2410 contraxisse
803 2349 968 2412 videbatur
993 2349 1126 2434 Cicero,
1152 2352 1235 2431 quod

172 2452 252 2513 inter
271 2452 336 2512 XX
354 2451 443 2511 viros
473 2447 643 2510 dividendo
670 2466 749 2526 agro
774 2447 936 2528 Campano
966 2465 1043 2513 esse
1072 2450 1235 2512 noluisset.

172 2551 262 2612 Idem
281 2552 361 2613 intra
389 2533 545 2611 biennium
573 2567 648 2610 sera
676 2548 734 2610 Cn.
755 2547 897 2629 Pompeji
923 2567 1015 2634 cura,
1041 2567 1169 2628 verum,
1201 2559 1236 2612 ut

169 2643 294 2734 coepit,
313 2653 446 2727 intenta,
472 2651 620 2730 votisque
640 2650 748 2712 ltaliae
769 2667 809 2712 ac
828 2648 968 2712 decretis
989 2659 1139 2733 senatus,
1165 2652 1234 2713 vir·
1287 2679 1290 2689 ¹

173 2763 239 2831 tute
272 2762 366 2834 atque
396 2753 519 2815 actione
551 2751 647 2814 Annii
674 2750 822 2828 Milonis,
851 2749 921 2812 trib.
954 2751 1056 2830 pleb,
1077 2739 1234 2830 'dignitati

172 2856 353 2937 patriaeque
375 2855 538 2916 restitutus
568 2861 629 2916 est.
667 2853 785 2931 Neque
814 2861 886 2932 post
914 2851 1075 2923 Numidici
1106 2853 1234 2916 exilium

173 2974 216 3018 ac
232 2955 364 3018 reditum
378 2955 544 3034 quisquam
564 2962 618 3015 aut
630 2953 785 3033 expulsus
798 2951 1001 3036 invidiosius,
1020 2960 1073 3014 aut
1085 2963 1233 3034 receptus

174 3065 224 3118 est
252 3055 375 3118 laetius.
414 3053 514 3133 Cujus
544 3053 656 3114 domus
676 3071 769 3133 qnam
788 3051 903 3113 infeste
923 3070 943 3113 a
962 3051 1074 3134 Clodio
1100 3053 1232 3136 disjecta

173 3166 260 3240 erat,
292 3165 354 3219 tam
375 3155 524 3236 speciose
544 3171 563 3214 a
584 3162 698 3216 senatu
716 3147 859 3216 restituta
879 3164 939 3217 est.
990 3155 1077 3218 ldcm
1095 3157 1134 3220 P.
1153 3156 1233 3221 cto-

174 3259 245 3322 dius
276 3257 323 3338 [in
348 3255 477 3338 senatu]
512 3255 571 3316 snb
606 3253 921 3316 honorificentissimo
953 3261 1117 3318 minsterii·
1146 3259 1233 3321 titulo
1286 3329 1288 3332 ,

174 3509 222 3560 alil
239 3508 322 3562 aliter
340 3511 484 3559 emendare
502 3513 670 3560 studuerunt.
706 3513 843 3560 Puteanus
859 3513 946 3562 suasit
963 3514 1088 3566 civitatis
1093 3533 1105 3576 ‚·
1123 3514 1231 3573 mpsim

173 3603 203 3649 et
219 3599 349 3662 Sigonius
366 3598 426 3660 tria,
445 3597 537 3648 deleta
548 3602 752 3662 praepositione
758 3615 767 3662 ς
785 3611 897 3661 qnorum
913 3599 981 3652 illud
999 3603 1168 3651 dnmssimum
1180 3605 1232 3663 est,

172 3689 225 3738 boc
245 3687 359 3751 falsum,
382 3687 515 3748 siquidem
531 3690 728 3740 restituendum
753 3700 807 3738 non
826 3690 879 3740 brit
896 3691 1002 3743 civibus
1018 3690 1076 3740 illis
1092 3689 1170 3736 Rom.
1184 3682 1232 3750 jus
1336 3737 1340 3753 ‚

172 3788 266 3840 suum,
283 3778 353 3838 quod
371 3787 426 3825 non
443 3777 591 3827 amiserant
596 3791 606 3840 ;
624 3778 673 3826 sed
691 3775 835 3840 Campanis
844 3772 909 3831 'tum
925 3779 1079 3828 restitutum
1097 3778 1154 3838 est,
1172 3783 1232 3826 cunr
1336 3756 1340 3773 '

172 3867 217 3916 diu
235 3865 418 3914 intermissum
436 3869 529 3929 esset,
558 3867 672 3929 propter
697 3866 833 3918 coloniam
850 3879 884 3918 eo
902 3869 1054 3917 deductam.
1079 3875 1163 3926 quare
1179 3867 1231 3916 boc

172 3955 324 4014 ponendam
341 3965 403 4003 esse
424 3956 558 4004 arbitror:
588 3957 617 4005 et
627 3950 678 4014 jas
695 3955 802 4008 accolis
820 3955 990 4006 restitutum.
1002 3951 1054 4014 J'aa
1071 3951 1230 4017 tutelltgen·

173 4042 233 4090 dum
251 4037 310 4094 ἆπό
327 4035 570 4111 corvodsscr'ct'um,
589 4045 718 4094 civitatis.
736 4046 772 4093 ci.
791 4043 824 4106 t,
842 4040 885 4092 14.

241 4128 284 4180 45.
320 4131 428 4200 eoepit,
448 4131 565 4183 intento.
584 4132 680 4183 ed.1.:
699 4129 912 4195 capitiaterita,
931 4141 1043 4190 quorum
1057 4130 1124 4182 illud
1136 4142 1229 4181 emen·
1276 4141 1281 4148 “

173 4215 252 4266 cavit
270 4221 359 4269 editor
376 4220 477 4282 Basil,
495 4222 547 4270 lroc
565 4223 717 4284 Wopkens.
736 4221 814 4268 blisc.
835 4217 898 4267 Oba.
916 4219 940 4264 8.
960 4232 985 4279 p.
1003 4217 1097 4268 51-
1115 4219 1230 4270 sellium

174 4317 210 4354 oc
233 4305 360 4357 reditum.
389 4321 530 4370 perperam
557 4310 635 4361 libri:
664 4323 707 4360 eu.
727 4307 777 4358 ord
795 4307 855 4358 red.
882 4331 914 4342 -—
940 4304 987 4370 [ira
1008 4307 1126 4370 renata]
1145 4309 1228 4360 verba
