2990 4894
262 379 308 452 82
371 357 373 368 ¹
710 396 873 450 venerat

259 561 389 628 uaeque
405 543 543 608 aduentu
563 541 716 607 Caesario
737 542 895 622 seprdttus
913 539 1025 622 [atque
1046 538 1247 624 discussam]
1267 556 1330 612 est.

259 644 349 724 ¹Quis
363 643 506 710 munnae
528 643 736 722 mutationes,
765 641 837 724 quis
856 641 968 706 dubios
993 651 1097 702 rorum
1125 641 1333 712 humanarum
1402 653 1405 662 '

264 764 382 831 casus,
408 747 487 810 satis
508 745 611 810 mirari
627 737 749 826 quenti
777 743 848 822 quis
866 762 928 804 uon
950 741 1081 806 diversa
1102 747 1333 824 prementibus

194 833 198 850 ’
262 849 481 930 contrariaque
511 844 706 929 expectatis,
734 851 788 906 aut
817 849 940 922 speret,
969 851 1023 906 aut
1057 839 1186 908 timenti
1223 847 1329 936 bivia,

263 949 448 1014 nobilissimi
465 956 498 1010 et
515 945 676 1010 fortissimi
692 945 769 1027 viri,
788 944 885 1006 Drusi
900 943 1082 1027 Claudiani,
1102 945 1182 1031 filia,
1202 959 1330 1034 genere,
1346 959 1360 971 ”

262 1051 432 1133 probitate,
451 1048 554 1112 forata
571 1047 783 1110 Romanarum
802 1044 1066 1127 eminentissima,
1091 1047 1203 1128 (quam
1222 1061 1329 1130 postea

263 1151 433 1233 conjugem
464 1149 603 1229 Augusti
636 1147 774 1210 vidimus
813 1163 906 1228 quam
946 1149 1143 1228 transgressi
1182 1151 1224 1213 ad
1255 1152 1329 1216 deos

265 1253 464 1317 sacerdotem
485 1268 525 1314 ac
546 1249 657 1329 liliam)
677 1258 742 1312 tum
756 1245 885 1330 fugiens
904 1264 978 1310 mox
996 1245 1091 1310 futuri
1110 1250 1159 1312 sui
1181 1249 1333 1314 Caesaris

262 1372 367 1437 mma,
387 1353 491 1417 minus
518 1352 635 1414 bimum
671 1350 754 1412 lrunc
773 1349 932 1412 'liberium
953 1348 1144 1436 Gaesarem,
1175 1342 1335 1416 vindicem

262 1455 400 1519 ilomaui
421 1452 562 1534 imperii,
582 1451 779 1533 laturumque
798 1448 944 1529 ejusdem
967 1449 1117 1513 Caesaris
1133 1451 1249 1538 lilium,
1270 1463 1334 1537 'ge-

254 1565 355 1618 stans
377 1555 465 1637 sinu,
487 1572 545 1635 per
568 1553 642 1616 avia
662 1552 821 1636 itinerum,
839 1551 945 1614 vitatis
967 1552 1096 1615 militum
1119 1554 1251 1641 gladiis,
1270 1576 1332 1620 uno

263 1657 440 1742 comitame,
461 1674 525 1738 quo
548 1653 672 1718 facilius
691 1653 897 1717 occultaretur
910 1650 996 1739 fuga,
1018 1655 1163 1736 pervenit
1177 1655 1330 1744 adnare,

263 1768 296 1822 et
314 1777 387 1822 cunr
407 1759 478 1822 viro
493 1756 624 1838 Nerone
647 1763 799 1837 pervecta
814 1755 847 1818 ic
865 1753 1006 1818 Siciliam
1024 1766 1085 1819 est.
1184 1823 1186 1831 Α

211 1868 255 1932 76
340 1858 434 1937 Quod
463 1858 565 1920 alieno
593 1857 802 1921 testimonimu
828 1854 1011 1938 redderem,
1039 1877 1078 1920 eo
1099 1878 1161 1922 non
1180 1857 1327 1923 fraudabo

263 1979 358 2025 avum
375 1978 490 2022 mcum.
529 1956 653 2039 Quippe
671 1958 708 2022 C.
723 1956 881 2038 Vellejus,
901 1957 1142 2022 honoratissimo
1162 1961 1329 2024 interillos

263 2058 414 2124 CCCLX
441 2058 570 2144 J‘udiees
608 2058 679 2122 loeo
711 2056 824 2152 alin..
850 2058 1000 2140 Pompejo
1031 2059 1151 2146 lectus,
1183 2061 1328 2145 ejusdem

255 2161 428 2243 *Marcique
458 2160 545 2224 Bruti
565 2177 613 2222 >ac
639 2160 707 2220 'ltu
736 2159 880 2222 Neronis
900 2159 1081 2239 praefectus
1111 2161 1249 2251 fabrum,
1280 2166 1330 2228 vir

257 2261 335 2326 nulli
354 2260 532 2341 secundus,
551 2260 581 2322 in
603 2259 790 2345 Campania,
824 2259 973 2342 digressu
990 2258 1129 2325 Neronia
1148 2281 1168 2326 a
1184 2265 1332 2347 Neapoli,

263 2363 373 2448 cujus,
403 2362 443 2426 ob
466 2361 658 2444 singularem
682 2380 812 2426 uumeo
835 2361 1018 2448 amicitiam,
1046 2365 1174 2443 partium
1206 2365 1330 2444 adjutor

262 2466 379 2550 fuerat,
400 2464 510 2544 gravis
526 2464 592 2546 jam
613 2472 716 2528 aetate
732 2472 764 2527 et
784 2483 916 2546 corpore
945 2483 1016 2526 eum
1042 2482 1150 2528 comes
1168 2483 1244 2528 esse
1265 2485 1327 2530 non

261 2574 389 2650 posset,
409 2565 513 2646 gladio
528 2566 646 2646 seipse
662 2565 826 2630 transfixit.
855 2567 1037 2630 inviolatam
1058 2567 1217 2630 excedere
1241 2569 1328 2631 italio

263 2666 386 2730 Caesar
405 2681 522 2744 passus
544 2665 705 2750 lt'ulviam,
724 2669 956 2750 Plancumque,
976 2668 1135 2730 muliebris
1156 2669 1252 2753 fugae
1267 2689 1326 2732 co-

137 2752 140 2758 ’
262 2767 379 2836 mitem.
428 2765 512 2828 Nam
534 2783 652 2846 vagum
677 2767 780 2830 adhuc
805 2769 1000 2853 Domitium,
1025 2787 1119 2849 quem
1146 2757 1343 2853 digressum

261 2888 282 2930 e
299 2865 456 2930 Brutianis
475 2865 589 2930 castris
610 2874 683 2944 post
704 2867 835 2930 caedem
855 2868 927 2948 ejus
943 2870 1172 2955 praediximus,
1193 2880 1227 2933 et
1244 2890 1324 2952 pro-

261 2969 348 3050 priae
367 2967 482 3032 elassis
509 2966 626 3031 facturn
659 2965 789 3049 ducem,
817 2969 915 3032 Pollio
940 2970 1073 3034 Asinius
1103 2989 1175 3035 oum
1204 2972 1325 3054 septem

260 3070 453 3152 legionibus,
471 3069 524 3133 diu
541 3076 662 3132 retenta
676 3068 707 3132 in
721 3077 874 3149 potestate
888 3071 1015 3136 Antonii
1031 3073 1180 3156 Venetia,
1198 3074 1327 3154 magnis

262 3169 481 3250 speciosisque
513 3171 608 3232 rebus
634 3171 721 3234 eirca
748 3171 884 3234 Altinum
914 3174 1055 3254 aliasque
1081 3173 1151 3256 ejus
1180 3176 1322 3258 regionis

261 3269 355 3333 urbes
374 3269 485 3356 editis,
515 3271 685 3335 Antonium
708 3280 837 3361 petens,
866 3275 1007 3338 consiliis
1027 3276 1095 3338 suis
1116 3276 1268 3364 illectum,
1288 3295 1328 3340 ao

263 3520 323 3560 cunr
341 3505 450 3568 saeptus
468 3505 494 3554 el
513 3512 542 3558 et
560 3509 592 3573 d,
614 3522 631 3560 a
648 3515 677 3560 et
697 3521 747 3574 oe,
766 3511 883 3573 denique
901 3522 915 3559 r
933 3513 961 3562 et
980 3514 1005 3575 t,
1023 3513 1157 3575 permixta
1168 3513 1286 3564 sciamus
1301 3515 1328 3564 ta

261 3596 338 3646 codd.
356 3618 391 3630 —
416 3590 519 3659 [uiuae
535 3594 709 3661 discussum]
725 3598 871 3662 glossema.
890 3613 916 3648 v.
933 3599 1090 3650 Ruhnkentt
1106 3612 1169 3650 aun.
1186 3600 1221 3650 ad
1233 3599 1280 3650 89.
1293 3624 1325 3636 -

260 3683 351 3736 minua
368 3681 468 3736 dimam
477 3683 600 3748 voratus,
620 3685 665 3736 tir.
680 3685 759 3738 hun:
778 3700 831 3738 aaa
845 3687 881 3754 la,
901 3686 939 3738 nri
955 3686 1068 3749 syllaba
1086 3688 1185 3738 ueruto
1200 3701 1219 3738 a
1234 3687 1324 3748 simili,

261 3783 329 3832 quae
347 3770 492 3821 antecedit.
519 3773 606 3822 antuus
624 3773 800 3835 probabiltter
817 3775 859 3824 ed.
878 3773 976 3826 Basti:
993 3773 1044 3826 oin
1067 3774 1184 3844 dimum,
1202 3777 1256 3826 etet
1271 3785 1323 3826 aun

261 3859 359 3910 desuat
373 3857 498 3920 exempla
514 3870 533 3906 x
551 3863 607 3910 eta
624 3859 777 3912 Umerorum
792 3865 1034 3928 commutaturum
1054 3865 1158 3928 quade
1177 3873 1208 3914 rc
1225 3877 1251 3914 v.
1264 3873 1321 3913 ann·

261 3943 296 3994 ad
315 3943 343 4010 t,
362 3947 396 4011 ³3
411 3946 443 4012 8,
461 3945 503 3998 86.
530 3947 747 4013 colorandam,
772 3951 874 4014 script
891 3961 965 4000 soen.
996 3951 1057 4002 hoa
1079 3951 1135 4003 vol.
1154 3950 1196 4016 4.,
1225 3966 1251 4017 p.
1269 3949 1322 4000 249

261 4033 290 4080 et
309 4029 369 4084 256.

330 4118 374 4168 ⁷6·
410 4135 472 4178 cunt
489 4137 587 4178 eomes.
605 4125 647 4177 sio
664 4122 751 4176 Aldus
768 4135 855 4188 nepas
874 4135 988 4188 eamque
1008 4127 1098 4178 monti
1113 4129 1241 4182 edttores.
1264 4127 1330 4180 uun

260 4206 347 4258 veta:
365 4220 426 4260 eum
444 4225 503 4264 eece
512 4246 523 4280 ,
543 4223 612 4264 voce
630 4224 720 4264 eomes
738 4212 835 4264 leuata
849 4214 884 4266 ab
902 4215 1027 4278 uimque
1044 4215 1151 4268 vtctala
1168 4243 1205 4256 ·-
1224 4229 1328 4284 com

260 4295 414 4348 -dacem
438 4297 507 4348 uaee
525 4294 590 4353 libri
607 4301 706 4355 trabam
723 4306 786 4366 post
810 4303 922 4370 petens,
950 4303 1042 4370 inepto
1060 4315 1128 4356 sane
1144 4305 1209 4356 loeo
1225 4308 1258 4356 et
1271 4316 1326 4366 auo
