2998 4896
617 321 718 370 urso.
746 321 781 370 1..
810 323 853 369 11.
1220 300 1266 374 39

202 465 334 547 amplius
365 463 501 526 hostium
536 462 683 541 exposuit
715 459 882 522 Brundisii.
938 463 1003 524 Vix
1039 464 1206 546 quidquam
1236 468 1266 528 in

202 568 308 632 Sullae
341 565 489 644 operibus
532 562 647 624 clarius
674 559 817 622 duxerim
851 578 942 642 quam
974 563 1076 649 quod,
1110 583 1182 628 cum
1209 585 1266 646 per

202 668 366 730 triennium
387 665 549 728 Cinnanae
563 662 790 741 Marianaeque
809 671 917 742 partes
933 663 1052 726 ltaliam
1076 664 1267 748 obsiderent,

201 789 305 851 neque
328 767 482 829 illaturum
503 781 541 824 se
558 762 670 824 bellurn
693 762 733 822 iis
754 762 978 850 dissimulavit,
997 779 1075 845 nec,
1096 765 1178 846 quod
1200 775 1267 828 erat

200 870 232 930 in
246 867 399 942 manibus,
420 862 539 942 omisit3
560 862 813 943 existimavitque
827 872 899 925 ante
916 863 1125 946 frangendum
1142 865 1266 928 hostem

203 987 296 1050 quam
316 962 532 1026 ulciscendum
552 963 671 1042 eivem3
705 964 896 1044 repulsoque
917 973 1049 1028 externo
1075 974 1177 1048 metu,
1205 967 1269 1047 ubi,

203 1065 286 1147 qued
303 1065 436 1124 alienum
457 1072 560 1147 esset,
582 1063 737 1143 ¹vicisset,
757 1065 937 1148 superavit,
960 1063 1043 1146 quod
1064 1073 1131 1126 erat
1154 1065 1267 1128 dome-

204 1167 328 1228 sticum.
370 1164 456 1224 Ante
478 1162 649 1224 adventum
672 1162 709 1222 Ιι.
731 1162 838 1224 Sullae
863 1162 980 1246 Cinna,
1011 1165 1166 1228 seditione
1190 1175 1268 1246 orta,

203 1263 242 1325 ab
257 1264 401 1325 exercitu
421 1265 625 1343 iuteremptus
646 1272 713 1349 est,
732 1263 782 1323 vir
797 1263 935 1349 dignior,
956 1266 1009 1346 qui
1025 1267 1148 1328 arbitrio
1161 1267 1268 1328 vieto-

204 1383 272 1426 rum
289 1372 478 1447 moreretur‚
509 1381 600 1446 quam
622 1363 782 1426 iracundia
801 1365 951 1443 militum3
972 1364 1012 1427 de
1030 1384 1092 1447 quo
1110 1365 1270 1428 veredici

204 1475 319 1550 potest,
339 1483 461 1544 ausum,
482 1458 563 1546 quae
584 1485 678 1527 nemo
692 1465 822 1526 auderet
841 1465 957 1548 bouus,
977 1465 1168 1547 perfecisse,
1187 1483 1269 1545 quae

204 1568 330 1628 anullo
349 1568 411 1628 nisi
438 1567 608 1629 fortissimo
637 1565 747 1647 perlici
770 1573 920 1646 posseul3
958 1572 990 1625 et
1010 1564 1112 1626 luisse
1138 1583 1211 1626 eum
1237 1566 1269 1626 iu

205 1665 412 1730 consultando
431 1668 638 1748 temerarium,
658 1666 690 1728 'ru
703 1665 892 1748 exequendo
909 1665 1023 1726 virum.
1053 1665 1167 1750 Carbo,
1186 1667 1269 1727 nullo

207 1766 342 1830 suli'eoto
363 1767 506 1850 collega,
526 1767 615 1828 solus
637 1774 701 1828 toto
722 1783 803 1828 anno
824 1782 892 1826 cos.
912 1763 979 1826 luit.

281 1886 425 1968 Putares,
447 1887 566 1949 Sullam
585 1885 719 1946 venisse
738 1885 769 1946 iu
789 1884 907 1946 ltaliam
925 1901 986 1944 non
1008 1883 1078 1944 belli
1098 1883 1318 1967 vindicem,25
1360 1883 1363 1886 ’

205 1985 272 2048 sed·
289 1988 379 2066 pacis
400 1997 574 2050 auctorem:
595 1995 678 2048 tanta
696 2004 773 2048 *cum
800 1985 904 2067 quiete
925 1987 1100 2048 exercitum
1121 2004 1179 2066 per
1200 1985 1268 2046 Ca-

203 2085 330 2148 labriam
348 2087 569 2167 Apuliamque,
591 2105 662 2148 cum
686 2087 838 2168 singulari
860 2105 936 2148 cura
957 2085 1092 2169 frugum,
1113 2106 1271 2172 agrorum,

204 2187 379 2272 hominum,
408 2188 548 2273 urbium,
587 2187 733 2269 perduxit
765 2188 796 2248 in
826 2186 1046 2271 Campaniam,
1076 2190 1271 2269 tentavitque

199 2286 296 2367 justis
324 2288 450 2370 legibus
480 2298 511 2350 et
537 2291 648 2371 aequis
673 2288 902 2351 conditionibus
924 2288 1037 2348 bellum
1069 2306 1270 2369 componere.
1380 2317 1385 2321 ·

203 2388 271 2452 Sed
290 2389 347 2474 iis,
368 2391 481 2471 quibus
502 2398 534 2452 et
553 2410 605 2451 res
624 2391 766 2470 pessima
779 2397 811 2449 et
824 2387 991 2448 immodica
1015 2388 1169 2468 cupiditas
1194 2398 1271 2470 erat,

204 2509 266 2548 nou
285 2498 407 2569 poterat
428 2509 493 2576 pax
510 2493 648 2570 placere.
689 2488 866 2553 Crescebat
880 2487 1002 2548 interim
1023 2488 1053 2548 iu
1077 2488 1147 2550 dies
1163 2485 1271 2551 Sullae

204 2591 387 2672 exereitus,
411 2591 639 2652 confluentibus
659 2590 698 2651 ad
721 2608 792 2652 eum
823 2590 937 2669 optImo
958 2607 1083 2670 quoque
1110 2597 1142 2651 et
1161 2591 1270 2651 sanis-

204 2689 294 2750 simo.
344 2690 445 2751 Felici
480 2690 594 2751 deinde
633 2691 719 2753 circa
754 2690 895 2770 Capuam
931 2697 1048 2750 eventu
1087 2689 1271 2769 Scipionem

203 2790 450 2872 Norbanumque
465 2809 553 2854 coss.
568 2802 712 2874 superat;
734 2812 864 2877 quorum
874 2793 1045 2855 Norbanus
1062 2793 1132 2854 acie
1148 2793 1270 2873 victus3

118 2973 124 2980 ἱ
204 2891 331 2975 Scipio,
351 2891 389 2951 ab
411 2894 553 2955 exercitu
572 2911 630 2954 suo
651 2893 798 2957 desertus
818 2913 857 2956 ac
877 2894 1041 2976 proditus,
1061 2894 1229 2953 inviolatus
1252 2911 1272 2953 a

204 2991 291 3052 Sulla
312 2990 462 3052 dimissus
483 3001 542 3054 est.
591 2992 684 3054 Adeo
713 2996 796 3056 enim
817 2995 904 3057 Sulla
932 2993 1094 3058 dissimilis
1121 2990 1179 3053 luit
1199 2991 1271 3053 bel-

203 3092 281 3153 lator
301 3109 341 3154 ac
359 3092 476 3174 victor,
504 3101 556 3176 ut,
587 3096 659 3153 dum
680 3095 820 3176 vicerat,
843 3092 1021 3171 justissimo
1050 3083 1166 3173 lenior,
1198 3083 1272 3172 post

204 3191 369 3252 victoriam
393 3185 505 3266 audito
518 3191 610 3252 fuerit
633 3191 798 3254 crudelior.
821 3215 825 3222 ·
850 3193 934 3253 Nam
964 3201 997 3254 et
1026 3193 1206 3274 consulem,
1237 3200 1271 3252 ut

203 3289 436 3374 praediximus,
466 3300 722 3373 exarmatamque
743 3293 940 3377 Sertorium,
969 3293 1048 3372 prob
1070 3294 1176 3375 quanti
1196 3308 1270 3353 mox

204 3389 276 3450 belli
296 3388 414 3450 lacem!
434 3397 465 3452 et
481 3391 595 3452 multos
614 3390 711 3476 alioS,
738 3391 854 3472 potitus
883 3411 1009 3476 eorum,
1039 3393 1156 3457 dimisit
1178 3395 1270 3452 inco-

201 3491 319 3570 lumes3
342 3489 455 3575 credo,
475 3501 508 3554 ut
524 3492 555 3552 iu
570 3491 682 3553 eodem
703 3493 828 3556 homine
847 3495 981 3575 duplicis
1002 3513 1042 3558 ac
1060 3489 1270 3558 diversissimi

271 3749 318 3800 24.
354 3749 778 3814 superaetteu.sastt.vu1go:
809 3754 977 3816 superaret,
1008 3748 1078 3810 quod
1104 3745 1269 3794 abhorrete

202 3839 351 3902 perfectis,
370 3850 438 3899 quae
457 3841 629 3889 antecedunt.
660 3862 696 3878 -
725 3853 831 3892 ausum.
849 3839 931 3890 libri:
957 3845 1150 3897 aasumensi,
1169 3832 1268 3882 subse·

204 3929 303 3990 quante
323 3925 372 3975 illo
390 3928 558 3990 prenomine.

271 4033 316 4082 25.
343 4047 405 4084 rea
421 4034 552 4097 pessima.
570 4034 785 4097 supplementum
798 4030 971 4082 Rulmlrenii:
990 4037 1051 4075 uam
1070 4027 1098 4074 in
1116 4027 1193 4076 codd.
1212 4033 1269 4074 nou

202 4123 315 4174 trabatur
332 4125 445 4174 verbum
460 4137 523 4189 res,
541 4124 722 4186 interceptum
740 4121 807 4170 illud
826 4131 844 4166 a
860 4117 992 4177 sequente
1011 4113 1128 4174 syllaba.
1158 4135 1193 4153 ·-
1224 4112 1268 4162 ci·

211 4213 298 4262 cerot.
316 4211 381 4261 libri
397 4213 542 4262 mendose:
562 4210 651 4264 uincit
669 4225 711 4262 nc.
731 4230 765 4246 -
784 4203 962 4267 probabiliter
971 4203 1113 4254 Pariana:
1133 4212 1269 4253 eunome-
