2998 4896
240 363 287 434 il
688 385 851 436 VELLEJI

244 531 360 612 simus,
379 530 493 609 vigore
512 529 605 590 ammi
625 529 815 615 acerrimus,
847 527 1057 590 munificentia
1082 527 1310 616 effusissimae,

244 632 348 692 auimo
368 647 463 712 super
483 633 648 694 humanam
664 639 696 691 et
708 639 847 691 naturam
863 628 1002 692 attidem
1016 638 1159 717 evectus,
1179 634 1308 712 magni·

244 732 350 795 tudina
370 733 596 814 cogitaturum,
617 730 777 793 celeritate
798 729 951 813 bellandi,
980 729 1129 811 patientia
1147 732 1307 810 periculo·
1340 763 1344 780 ι

245 853 328 917 rum,
357 853 474 915 magno
495 835 537 895 illi
562 829 761 915 Alexandro,
796 828 855 890 sed
884 830 1119 912 sobrinaeque
1148 833 1309 914 iracundo,
1399 827 1406 832 ’

246 933 436 1018 simillimus,
457 935 510 1015 qui
532 932 668 1014 denique
688 947 815 1010 semper
837 939 869 992 et
889 930 958 993 cibo
979 939 1011 993 et
1031 949 1142 994 somno
1156 934 1186 995 in
1200 936 1307 1020 vitam,

245 1055 307 1097 non
327 1037 357 1097 in
373 1036 575 1117 voluptatem,
593 1041 743 1112 uteretur,
764 1046 835 1093 cum
853 1031 967 1094 inisset
983 1032 1021 1097 C.
1034 1033 1137 1096 Mario
1155 1037 1306 1116 sauguine

246 1136 541 1218 conjunctissimos,
561 1145 655 1218 atque
674 1133 759 1195 idem
781 1132 902 1194 Cinnae
922 1149 1023 1212 gener
1043 1134 1151 1215 (cujus
1171 1135 1264 1198 liliam
1276 1147 1310 1198 ut

245 1237 440 1319 repudiaret,
459 1238 543 1299 nulle
562 1244 647 1298 metu
668 1235 812 1315 compelli
831 1234 948 1314 potuit,
975 1251 1047 1294 cum
1067 1233 1113 1295 Μ.
1133 1235 1211 1298 Ρίιο
1231 1255 1311 1300 con·

247 1339 360 1400 solaris
383 1339 537 1424 Anniam,
559 1355 640 1419 quae
661 1335 782 1398 Cinnae
802 1331 1017 1417 uniusaurei,
1037 1337 1069 1396 in
1090 1337 1198 1399 Sullae
1218 1337 1311 1400 dimi-

247 1441 347 1502 sisset
365 1441 535 1521 gratiam),
564 1438 792 1516 habuissetque
820 1427 891 1496 'fere
917 1435 1132 1515 duodeviginti
1152 1455 1253 1501 annos
1273 1459 1313 1502 eo

247 1549 407 1625 tempore,
437 1556 498 1619 quo
536 1537 625 1600 Sulla
649 1555 753 1599 rerum
786 1538 902 1617 potitus
931 1547 998 1599 est:
1027 1539 1132 1621 magis
1160 1539 1311 1603 ministris

247 1639 355 1702 Sullae
387 1639 642 1721 adjutoribusque
668 1639 801 1720 partium
835 1657 928 1720 quam
956 1641 1027 1720 ipso
1057 1641 1310 1722 conquirentibus

247 1759 319 1803 eum
340 1742 380 1804 ad
399 1759 523 1822 necem,
542 1745 658 1804 mutata
676 1749 790 1823 veste,
811 1740 1057 1822 dissimilemque
1074 1741 1216 1804 fortunae
1232 1759 1310 1803 suae
1393 1777 1394 1784 ι

245 1844 546 1924 indomabilium,
578 1852 673 1905 noctu
707 1843 836 1922 elapsus
866 1841 943 1904 urbe
972 1849 1030 1902 est.
1073 1842 1162 1904 idem
1188 1851 1308 1928 postea,

247 1945 414 2006 admodum
430 1944 577 2026 juvenis,
609 1961 681 2005 cum
705 1960 724 2003 a
745 1944 853 2023 piratis
872 1952 983 2024 captus
1003 1951 1108 2025 esset,
1138 1945 1181 2005 ita
1198 1963 1236 2006 se
1255 1963 1313 2026 per

249 2059 340 2106 omne
363 2045 512 2126 spatium,
532 2063 594 2126 quo
615 2043 669 2123 [ab
689 2043 755 2124 liis]
774 2051 915 2104 retentus
935 2051 1002 2125 eat,
1022 2042 1104 2123 apud
1125 2048 1312 2129 congessit,

248 2155 282 2209 ut
318 2146 433 2228 pariter
467 2145 517 2208 bis
543 2146 653 2209 terrori
684 2144 943 2224 venerationique
967 2154 1073 2224 esset,
1114 2163 1218 2227 neque
1250 2167 1312 2209 un-

254 2262 346 2331 quam
366 2257 550 2332 antoecis,
570 2256 623 2310 aut
643 2248 710 2331 die,
730 2247 803 2326 (cur
823 2246 922 2328 enim,
956 2247 1040 2328 quod
1065 2248 1119 2309 vei
1143 2250 1313 2312 maximum

249 2359 319 2434 est,
349 2351 377 2413 si
404 2352 522 2413 narrari
546 2351 654 2412 verbis
684 2347 842 2431 speciosis
872 2363 934 2408 uon
961 2357 1085 2433 potest,
1115 2343 1312 2426 omittaturi)

248 2463 302 2516 aut
321 2455 578 2538 excalceantur,
602 2456 662 2515 'aut
681 2451 928 2530 discingerctur3
961 2450 992 2511 in
1015 2446 1076 2512 hoc
1099 2451 1240 2533 seilicet,
1261 2469 1313 2534 ne,

249 2553 421 2633 siquando
454 2553 569 2633 aliquid
596 2571 638 2614 cx
666 2554 756 2615 solito
785 2551 938 2637 variaret,
971 2561 1142 2633 suspectus
1169 2553 1226 2634 iis,
1260 2553 1313 2634 qui

251 2652 350 2714 oculis
369 2652 580 2714 tantummodo
602 2673 674 2715 eum
697 2652 931 2735 custodiebant,
949 2651 1040 2714 foret.

198 2759 240 2822 42
324 2751 470 2834 Longum
491 2761 541 2814 est
562 2771 705 2838 narrare,
738 2771 817 2835 quas
837 2763 869 2815 et
887 2763 962 2835 quot
984 2771 1037 2814 res
1059 2767 1158 2814 ausus
1187 2754 1244 2836 sit,
1277 2763 1310 2814 et

250 2863 365 2936 quanto
388 2873 484 2934 opere
507 2861 620 2916 conata
643 2853 730 2937 ejus,
751 2855 803 2934 qni
818 2854 974 2917 obtinebat
992 2854 1120 2936 Asiam,
1139 2855 1311 2936 magistrt-

248 2967 301 3017 tus
321 2958 426 3038 populi
439 2955 530 3018 Rom.
548 2965 633 3017 metu
652 2973 710 3017 suo
730 2955 920 3037 destituerit3
941 2955 1015 3017 illud
1034 2953 1187 3017 referatur
1208 2953 1312 3017 docu-

248 3055 385 3120 mentum
408 3060 483 3121 tauti
507 3075 581 3119 mox
607 3058 734 3120 evasuri
749 3058 818 3119 viri.
856 3055 947 3135 Quae
966 3074 1030 3120 riox
1056 3075 1125 3118 eam
1149 3057 1231 3119 diem
1253 3075 1311 3118 se·

250 3164 321 3220 cuta
351 3167 418 3242 est,
451 3178 513 3240 qua
540 3160 663 3240 publica
691 3161 851 3224 civitatum
873 3161 1007 3242 pecunia
1029 3159 1220 3240 redemptus
1245 3170 1311 3242 est,

157 3343 160 3352 ,
251 3259 309 3340 (ita
332 3266 451 3342 tamen,
487 3269 520 3321 ut
544 3269 676 3341 cogeret
704 3270 776 3323 ante
803 3263 931 3325 obsides
956 3279 975 3321 a
1003 3259 1112 3340 piratis
1133 3261 1327 3324 civitatibus

251 3425 316 3485 quit.
338 3445 371 3455 —
395 3421 586 3485 mapnitrrdiue
611 3425 804 3490 capitulorum.
833 3425 953 3476 librarii:
980 3437 1072 3490 inape.
1101 3426 1311 3493 equitationum,

250 3511 360 3560 invecto
377 3517 459 3558 versu
476 3509 633 3575 phalaecio,
659 3515 703 3572 qui
727 3525 781 3562 ιιοιι
799 3516 886 3576 magis
911 3516 991 3564 decet
1016 3501 1155 3564 oratorem
1173 3527 1252 3576 quam
1269 3512 1312 3560 ni-

252 3601 322 3649 cni'cl
341 3599 433 3648 osus,
451 3601 479 3647 ct
496 3595 557 3645 lta.
576 3623 610 3632 -
627 3603 812 3652 noctu-eat.
832 3605 908 3652 codd.
929 3602 1101 3664 ineleganter
1114 3605 1143 3650 et
1153 3601 1312 3650 molestiora

251 3686 485 3737 homoeoteleuton
504 3689 585 3736 nocte
602 3687 669 3737 urbe
688 3691 722 3739 et.
741 3693 790 3739 est.
809 3715 843 3726 -
860 3689 914 3751 [ab
933 3685 994 3751 laia]
1011 3689 1156 3752 glossema.

320 3775 366 3825 42.
402 3785 470 3842 qeins
495 3777 522 3825 et
548 3777 616 3840 quial
637 3787 691 3824 rea.
719 3779 869 3838 depravate
898 3781 927 3827 et
945 3780 1037 3840 inepte
1064 3779 1159 3827 cuum:
1192 3776 1257 3842 quid
1284 3774 1313 3822 et

251 3861 461 3926 quotiescun.
482 3861 632 3912 intuitio.
669 3863 815 3913 Terentius
842 3865 938 3915 licant.
967 3865 1001 3929 a,
1028 3864 1058 3930 l,
1083 3864 1145 3913 43.:
1180 3865 1247 3929 quot
1264 3873 1313 3911 ree
1382 3847 1388 3864 ‘

252 3951 368 4019 uenere,
397 3953 443 4004 aba·
469 3965 576 4018 possem
604 3951 823 4016 persentiscere!
857 3975 894 3990 -
924 3952 1087 4004 destituerit
1109 3950 1227 4011 caesam
1256 3957 1311 3999 nou

254 4039 366 4099 lunius,
384 4045 431 4101 qui
451 4055 529 4092 error
547 4045 590 4091 est
601 4038 762 4090 liubulicnli.
779 4060 814 4076 ν·-
828 4040 945 4102 priuata
963 4050 1013 4102 pro
1025 4042 1126 4104 p-taa
1139 4039 1310 4101 Oudendorp.

253 4127 287 4176 ad
304 4125 379 4175 snat.
398 4125 477 4179 caes.
498 4129 524 4179 4.
544 4133 579 4180 ct.
599 4132 632 4180 ue
652 4130 704 4178 loc
718 4128 815 4178 menie
834 4131 916 4189 capnt
933 4129 975 4178 tio.
994 4123 1073 4190 iniqius
1090 4126 1162 4177 libri.
1180 4149 1215 4163 ·-
1240 4127 1310 4191 ipso.

253 4213 481 4278 perpcmmlinri:
498 4219 560 4281 ipsi.
578 4243 614 4254 -
630 4215 767 4280 [cimela]
784 4215 879 4266 inutile
893 4215 1104 4266 additamentum
1121 4213 1309 4278 explicatoris.

255 4329 288 4341 -
305 4301 351 4367 [iu
370 4302 550 4366 liitbpniaur]
565 4304 644 4367 [cum
664 4303 821 4370 obtinebat]
839 4305 1012 4369 gliitscmatiq
1032 4315 1117 4366 caque
1135 4304 1223 4370 talea3
1242 4305 1309 4355 nibil
