2990 4894
255 341 325 418 118
581 397 588 414 .
694 363 854 418 vnnunrr

254 523 335 574 mum
353 516 574 590 putemurque
602 507 760 598 ludginm
788 504 953 590 imaginis,
981 503 1152 586 deeeptus·
1179 507 1301 574 linium

253 608 387 672 viromm
405 610 551 674 mentioni
570 609 599 672 si
618 608 688 691 quie
707 608 875 691 quaesisse
893 625 944 670 me
965 605 1049 670 dioet
1064 606 1175 691 lunum,
1193 608 1301 672 faten-

252 717 315 772 tem
333 719 457 794 arguet:
478 728 582 792 neque
600 710 681 772 enim
696 709 802 787 justus
822 709 891 771 sine
907 704 1201 770 mendaeio'nnndnr
1215 710 1299 789 apu'd

253 808 351 871 bonos
377 809 496 871 urimini
517 817 577 878 est,
1170 837 1172 842 ·

181 910 244 976 117
327 910 457 972 Tantum
477 907 560 991 qnod
578 907 713 970 dtimam
736 906 929 988 imposuerat
954 907 1134 972 Pannonico
1164 925 1202 971 aa
1218 910 1294 972 liel-
1334 983 1339 994 :

253 1010 364 1074 matieo
383 1007 463 1072 bello
483 1007 604 1072 Caesar
622 1026 762 1093 manum,
791 1026 861 1072 enm
886 1007 964 1070 iutra
989 1008 1126 1090 quinque
1151 1026 1295 1075 nonsum-

253 1108 326 1172 mati
344 1108 418 1172 tanti
437 1108 542 1190 operis
562 1107 631 1174 dies
651 1107 730 1173 eoae
749 1109 872 1172 nuntiae
891 1126 935 1172 ex
954 1105 1124 1172 Germania
1151 1111 1299 1192 epistolae

256 1216 339 1272 oaesi
369 1215 461 1291 Vari,
494 1217 781 1287 trucidatorumpue
801 1215 955 1286 topiarium
973 1217 1087 1291 mooe,
1120 1217 1303 1290 tondendae

254 1315 400 1388 aarum,
418 1322 450 1374 et
472 1331 532 1374 sea
557 1315 727 1372 aetornum
730 1329 742 1384 ,·
774 1311 861 1372 velut
888 1309 920 1374 in
937 1310 1000 1374 lion
1018 1312 1130 1375 ubam
1150 1310 1302 1392 [tantumss

254 1410 361 1492 modo]
381 1412 565 1492 indulgente
593 1407 687 1472 nobis·
707 1408 843 1492 fortuna,
871 1431 913 1474 ne
944 1421 1095 1494 oeonpato
1124 1412 1217 1478 duee.
1263 1415 1304 1478 lit

255 1529 367 1589 eausa,
386 1519 418 1574 et
434 1527 588 1593 persona,
607 1529 724 1576 moram
743 1511 857 1595 exigit,
890 1512 997 1576 Varus
1016 1510 1192 1596 Quintilius,
1210 1515 1303 1577 nobili

253 1610 356 1692 magis
369 1626 460 1693 quam
472 1610 583 1674 illustri
601 1619 686 1674 ortus
704 1608 828 1697 familia,
847 1612 896 1674 vir
911 1614 1040 1695 ingenio
1053 1615 1147 1699 mitis,
1165 1614 1301 1678 moribus

254 1711 392 1802 qnietns3
423 1720 455 1806 et
479 1730 609 1794 corpore
637 1711 787 1782 etenimo
806 1713 1000 1796 immobilior3
1032 1715 1093 1778 otio
1120 1714 1223 1798 magis
1241 1732 1300 1778 oa-

255 1821 386 1876 strornm
416 1831 508 1895 qnam
536 1813 667 1878 bellioae
700 1824 848 1879 assuetus
875 1815 1016 1896 militiae;
1044 1818 1197 1897 peouniae
1224 1833 1301 1876 vero

254 1930 346 1994 qnam
364 1932 426 1974 non
445 1921 654 1999 contemptor,
682 1915 793 1998 Syria,
826 1915 877 1976 oui
902 1914 1092 2001 praelixerat,
1122 1915 1302 1996 declar-avit,

254 2029 345 2094 quam
363 2027 481 2090 pauper
507 2010 635 2072 divitem
662 2013 829 2091 ingressus
859 2014 951 2080 dives
977 2033 1145 2098 pauperem
1170 2016 1303 2099 reliquit.

252 2111 286 2180 ls
309 2127 380 2172 enm
399 2108 570 2191 exercitui,
598 2110 649 2192 qni
670 2114 786 2174 eratin
806 2110 989 2203 Germania,
1008 2125 1194 2203 praeesset,
1222 2135 1302 2180 eon-

254 2211 337 2292 nepil
354 2211 386 2274 iu
405 2227 459 2298 se,
478 2209 638 2293 homiues,
664 2211 717 2292 qni
735 2211 809 2274 nibil
827 2222 951 2293 praeter
969 2227 1089 2282 vooem‘
1103 2219 1303 2300 membraque

261 2343 489 2358 m

252 2411 361 2482 ferens,
386 2413 557 2478 significans,
583 2414 734 2480 ostentans,
761 2412 836 2464 velut
858 2415 941 2464 certa.
959 2413 1098 2477 deceptos
1116 2426 1134 2464 a
1149 2415 1300 2464 normanno

252 2503 369 2568 positum
388 2507 442 2567 est,
459 2514 494 2550 ne
511 2503 580 2552 idem
597 2504 709 2553 verbnm
726 2505 864 2564 repetatur
880 2502 957 2553 brevi
974 2502 1070 2565 spatio.
1087 2525 1124 2540 -
1138 2497 1245 2554 Horum
1254 2503 1301 2552 ilr.

253 2591 326 2653 MS„
344 2591 414 2638 teste
432 2591 561 2642 Bononio:
579 2593 719 2643 botrorum.
740 2591 825 2640 Bion.
842 2592 871 2639 ei
887 2589 936 2639 alil
953 2591 1085 2640 editores:
1105 2589 1233 2652 Quorum.

323 2675 380 2726 117.
415 2677 474 2728 dies
491 2691 554 2728 ecce
570 2679 691 2730 nuntiae.
711 2679 812 2728 libem:
829 2678 887 2730 dies
902 2675 1038 2741 funestae.
1056 2678 1164 2728 seilicet
1175 2691 1224 2739 pro
1240 2691 1303 2730 ecce

254 2767 381 2828 seriptum
399 2777 475 2830 esse,
492 2776 508 2814 o
527 2769 554 2815 et
573 2777 586 2813 s
603 2765 702 2815 litteris
720 2768 857 2827 confusis,
871 2769 905 2838 ,nt
921 2777 1002 2828 saepe
1018 2763 1104 2834 alias,
1119 2765 1240 2814 baustum
1258 2755 1303 2814 vl'·

255 2855 334 2904 debir
350 2854 383 2903 ab
404 2865 459 2902 -es
475 2835 593 2918 syllaba,
611 2865 679 2914 qnae
693 2854 841 2916 praeeedit,
859 2853 1125 2916 quenquennium,
1145 2853 1195 2916 l-,
1213 2853 1302 2902 ortum

254 2955 289 2992 ex
306 2967 322 2980 ·
333 2953 363 3006 e:
381 2943 436 2992 tum
452 2942 481 2990 in
497 2943 633 3010 -prseatae
650 2941 738 2991 latere
755 2943 820 3004 puto
838 2939 967 3008 nuntiae,
988 2929 1058 3002 duod
1073 2942 1208 2992 sententia
1223 2941 1302 2991 elda-

254 3031 323 3092 gltat
352 3020 483 3096 (anemo,
501 3040 615 3095 noerae,
633 3031 744 3082 funesta
758 3031 838 3088 ete).
855 3055 890 3065 -
906 3027 1132 3092 [tantummode]
1148 3029 1298 3094 glossema:

254 3129 339 3179 neque
357 3119 427 3168 enim
446 3117 537 3180 planet
554 3118 715 3186 Soiegkins,
730 3120 846 3170 sumens
863 3119 981 3170 satutem
998 3119 1186 3170 tantummodo
1205 3121 1256 3168 eto.
1266 3143 1301 3192 -7

254 3206 331 3256 duce.
355 3229 391 3242 -
413 3213 543 3270 persona.
564 3208 663 3258 libem:
682 3209 793 3275 ducem,
821 3209 849 3258 et
866 3221 953 3258 causo
967 3217 1096 3270 persono.
1114 3219 1148 3257 ne
1165 3209 1300 3271 occupato

255 3294 341 3360 duce,
368 3293 428 3344 soil.
445 3297 570 3346 vernent
590 3297 659 3346 miae
675 3295 794 3346 iltterae.
811 3294 914 3357 ellipsis
930 3305 1017 3357 neque
1041 3287 1123 3358 dura,
1153 3305 1242 3358 nequo
1257 3296 1302 3344 in·

253 3381 374 3448 degens.
398 3405 433 3416 -
456 3383 704 3436 nobili-illustri.
722 3395 851 3446 perverse
869 3383 970 3433 codex:
990 3381 1097 3433 illustri
1112 3382 1201 3449 mapis
1220 3383 1302 3448 quom

145 3508 148 3516 ,
251 3470 353 3539 nobili,
379 3481 439 3520 enm
456 3472 524 3522 Vari
541 3472 645 3522 tanrilla
669 3473 752 3522 inerit
777 3469 957 3534 nobilissima,
988 3473 1017 3520 nt
1044 3467 1121 3534 enjus
1142 3471 1219 3534 origo
1242 3483 1302 3521 curn

253 3560 338 3622 ipsius
358 3562 460 3612 nonne
474 3553 621 3628 oonjnncta
638 3560 675 3609 sit
691 3559 851 3620 primordiis.
870 3560 924 3610 Sed
937 3559 1027 3609 nullos
1044 3558 1157 3608 historia
1171 3563 1303 3610 memorat

255 3643 414 3714 Qulntilios,
431 3648 512 3700 rebus
528 3646 613 3708 gestis
629 3644 759 3700 illustres.
778 3644 870 3711 Quare
887 3647 981 3697 admisi
997 3647 1162 3708 propositam
1179 3648 1304 3698 anunn-

150 3785 152 3792 ,
254 3733 337 3786 uenio
354 3735 589 3798 transpositionem
605 3733 799 3784 venabulorum
812 3733 919 3788 :nostri
933 3736 961 3784 et
976 3733 1069 3785 nemu.
1086 3752 1121 3772 -·
1138 3737 1166 3786 et
1176 3745 1301 3800 comere.

254 3820 338 3874 liner:
363 3826 395 3876 ut
414 3837 508 3889 corp„
539 3819 755 3884 quemadmodum
776 3822 845 3874 allas
864 3835 967 3886 quoqne
984 3822 1133 3885 permixtae
1150 3821 1299 3886 depreben-

255 3909 353 3964 dnntnr
368 3915 419 3964 bae
437 3908 602 3974 particulae,
628 3905 704 3956 velut
720 3905 779 3956 125.
803 3912 832 3958 et
848 3912 917 3973 apud
934 3909 1058 3960 Plautum
1076 3908 1152 3972 capt
1170 3907 1236 3960 84⁰·
1264 3927 1300 3942 -

256 4001 380 4063 οοηοῳίι
393 4001 423 4052 ia
442 4013 487 4064 se,
506 3999 577 4050 nont
595 3993 651 4048 Cio.
668 3995 720 4044 aet
738 3995 766 4044 in
785 3996 865 4046 verr.
882 3996 914 4059 Β,
930 3994 963 4058 1,
980 3992 1022 4044 4.:
1039 4009 1095 4045 nou
1113 3997 1197 4049 iatum
1208 3988 1300 4053 majus

255 4082 285 4136 in
301 4097 361 4138 aeae
378 4091 467 4140 scelus
484 4086 647 4152 concepisse.
663 4083 747 4136 liber:
765 4083 890 4147 concepit
906 4093 965 4132 esse
981 4082 1061 4151 bom,
1078 4084 1300 4143 sentennanror-

256 4183 304 4226 alu
319 4172 495 4228 abhorrente:
522 4188 609 4237 neque
634 4174 703 4226 enin
719 4171 787 4224 illud
801 4171 853 4221 sibl
874 4170 1007 4234 persuasit
1023 4172 1124 4236 Varus,
1152 4170 1301 4222 (termas

259 4273 319 4318 ease
333 4261 454 4314 ionines
471 4264 716 4329 inhumanissimos,
733 4265 789 4328 sed,
807 4260 877 4314 isles
895 4271 955 4312 euni
967 4261 1018 4325 ipsi
1030 4259 1192 4324 viderentur,
1209 4262 1299 4312 tamen
