2998 4896
126 399 130 414 t
238 345 340 440 28Υ
480 422 486 434 ,
619 367 849 462 ‘vunnnrr
948 369 953 380 ’

236 501 408 598 impotens,
429 531 616 594 semperque
630 515 795 595 iuquietus.
834 513 897 576 IIic
908 531 964 596 per
977 509 1176 601 publicanos,
1194 517 1295 578 alios·

236 614 350 692 quein
371 612 482 675 Africa
498 613 713 696 negotiantes,
733 616 912 678 criminatus
938 619 1053 708 Metelli
1071 621 1293 696 tumultuatum,
1359 649 1360 656 κ

204 722 222 736 ”
236 719 390 774 trebenttr
400 715 473 786 jone
492 721 526 776 ic
547 722 672 778 tertium
690 733 809 776 acuum
834 721 961 795 bellura,
984 727 1016 778 et
1028 721 1210 790 ,numeralem
1232 737 1293 778 no-

237 818 364 874 ttttrcttr
390 817 581 892 superbiam,
617 821 821 891 morandique
849 823 883 876 tn
916 823 1053 893 imperiis
1086 819 1292 896 cupiditatem,

237 913 362 998 effecit,
381 923 430 996 ut,
451 933 522 977 cum
538 924 714 977 commeatu
734 915 830 996 petito
850 914 982 981 Romam
1004 915 1164 1002 venisset,
1183 919 1294 980 consul

236 1023 412 1097 crearetur,
433 1010 568 1095 bellique
585 1033 687 1095 paene
710 1017 821 1095 patrati
839 1017 1017 1098 aMetello,
1033 1018 1091 1098 qui
1108 1017 1157 1080 bis
1169 1019 1292 1102 Iugur-

236 1115 320 1178 tlram
356 1115 426 1182 acie
455 1114 596 1200 luderet,
637 1133 760 1178 summa
786 1118 1028 1180 committeretur
1061 1117 1128 1179 sibi.
1175 1119 1295 1184 Metelli

235 1227 339 1278 tamen
368 1226 400 1279 et
426 1217 599 1300 triumphus
626 1217 683 1278 luit
705 1217 918 1301 clarissimus,
949 1227 980 1280 et
1007 1219 1150 1281 meritum
1181 1221 1295 1283 virtute

233 1421 352 1502 miliae,
384 1422 427 1482 ita
447 1418 606 1482 Caeciliae
630 1418 765 1480 notanda
797 1420 948 1483 claritudo
973 1429 1033 1484 est.
1049 1451 1057 1462 =
1073 1419 1197 1502 Quippe
1214 1425 1294 1486 iutra

234 1523 296 1584 XII
315 1521 415 1582 ferme
438 1537 538 1581 anuos
557 1517 651 1600 hujus
670 1521 820 1603 temporis
840 1521 937 1585 Coss.
962 1521 1052 1584 luere
1076 1523 1211 1609 Metelli,
1241 1534 1295 1587 aut
1355 1539 1360 1546 “

235 1637 408 1707 censores,
438 1629 492 1684 aut
515 1620 758 1705 triumpharunt,
790 1625 922 1704 amplias
953 1626 1030 1688 XII:
1066 1634 1098 1687 ut
1133 1635 1292 1706 appareat

238 1721 498 1805 quemadmodum
524 1722 645 1785 urbium
674 1723 954 1808 imperiorumque,
981 1727 1025 1788 ita
1052 1727 1190 1806 gentium
1208 1745 1291 1790 nuuc

235 1824 347 1887 llorere
368 1825 543 1908 sermnem,
561 1843 645 1888 nunc
664 1843 854 1913 senescere,
874 1848 956 1894 nunc
974 1828 1108 1894 interce.

186 1943 227 2007 η
311 1927 354 1986 At
372 1925 410 1986 C.
419 1926 541 1987 Marius
560 1927 598 1986 u.
619 1927 765 2007 Sullam[,
779 1928 861 2008 J’am]
881 1938 965 2012 tunc,
985 1937 1019 1990 ut
1031 1929 1292 2010 praecaventibus

235 2025 322 2110 latis,
343 2025 519 2105 copulatum
539 2025 598 2090 sibi
619 2034 818 2106 quaestorem
838 2027 960 2113 habuit,
981 2037 1013 2090 et
1032 2047 1089 2109 per
1109 2047 1193 2112 eum,
1211 2033 1291 2094 mis-

236 2145 306 2190 sum
335 2127 376 2190 ad
401 2145 512 2207 regem
525 2144 527 2152 ‘
540 2126 716 2212 Bocchum,
748 2128 905 2210 Iugurtha
924 2147 1023 2217 rege,
1052 2129 1164 2192 abhinc
1192 2150 1292 2194 annos

234 2229 334 2292 ferme
354 2229 574 2314 CXXXVIII,
593 2232 710 2311 potitus
731 2237 796 2310 cst,
817 2228 1065 2314 designatusqne
1084 2221 1194 2294 iterum
1211 2251 1291 2296 con-

176 2355 177 2360 *
234 2333 284 2394 sul
303 2331 463 2413 inurbem
488 2347 657 2412 reversus,
691 2328 822 2414 secundi
848 2331 1028 2393 consulatus
1053 2333 1140 2393 initio
1159 2331 1291 2394 Caleud.

234 2434 319 2521 Jam,
340 2451 413 2496 eum
433 2433 464 2494 in
482 2433 636 2516 triumpho
654 2431 751 2495 duxit.
790 2429 915 2517 Effusa,
935 2439 969 2492 ut
987 2429 1209 2526 praediuimus,
1228 2431 1291 2494 inr-

233 2536 336 2600 manis
354 2535 406 2594 vis
428 2531 656 2598 Germanarum
685 2533 842 2621 gentium,
875 2532 987 2616 quibus
1015 2548 1128 2596 nomen
1156 2533 1291 2597 Cimbris

233 2651 273 2696 ac
292 2632 443 2694 'IeutcnIs
465 2640 549 2714 erat,
579 2650 650 2695 cum
670 2633 864 2715 Caepionem
883 2635 1096 2718 Manliumque
1116 2635 1230 2716 Coss,
1259 2643 1292 2696 et

233 2723 305 2796 arrt'e
343 2731 519 2798 Carbonem
558 2733 781 2818 Silanumque,
813 2733 969 2796 fudissent
998 2735 1228 2818 fugassentque
1259 2735 1291 2796 in

235 2832 347 2898 Galliis
367 2841 399 2896 et
418 2832 582 2896 exuissent
604 2833 763 2914 exercitu,
790 2834 1008 2915 Scaurumque
1029 2833 1191 2898 Aurelium
1211 2854 1290 2898 con-

235 2919 372 2998 sularcm
401 2942 433 2996 et
458 2933 535 2996 alios
565 2931 758 2996 celeberrimi
788 2934 922 2996 nominis
949 2935 1037 2997 viros
1065 2935 1291 3024 trucidassentr

233 3038 367 3117 populus
396 3035 436 3098 ll.
462 3055 523 3126 non
555 3036 648 3098 alium
679 3035 869 3115 repellendis
896 3036 990 3099 tantis
1019 3037 1161 3100 hostibus
1186 3039 1290 3122 magis
1386 3025 1397 3036 “

233 3137 380 3200 idoneum
398 3138 617 3217 imperatorem
636 3155 729 3218 quam
748 3137 882 3199 Marium
902 3147 953 3200 est
970 3146 1066 3200 ratus.
1105 3139 1184 3200 'Ium
1196 3140 1290 3202 'mul-

235 3237 362 3320 tiplicati
392 3240 574 3301 consulatus
607 3239 686 3300 eius.
725 3237 849 3321 'Iertius
877 3237 909 3298 in
936 3245 1084 3318 apparatu
1109 3236 1183 3299 belli·
1209 3257 1290 3315 con-

235 3351 394 3422 sruuptus3
420 3358 481 3419 quo
500 3359 581 3404 anno
601 3339 660 3404 Cu.
679 3339 852 3423 Domitius,
871 3338 938 3402 trib.
958 3336 1058 3423 pleb,
1090 3339 1194 3422 legem
1214 3341 1291 3430 tulit,

172 3447 173 3450 ’
235 3455 272 3506 ut
292 3447 483 3520 recudetur,
518 3459 597 3523 quos
628 3451 720 3505 antea
745 3443 888 3524 collegae
908 3437 1121 3527 sufficiebant,
1151 3450 1289 3519 populus
1382 3487 1385 3509 ,

235 3554 366 3608 crearet.
404 3538 522 3620 Quarto
554 3551 641 3606 trans
669 3545 771 3625 Alpes
802 3545 889 3610 ‚circa
916 3542 1029 3624 Aquas
1057 3542 1187 3606 Sextias
1217 3559 1287 3605 cum

235 3780 324 3833 sema,
343 3771 414 3832 quod
434 3766 598 3818 delevttllr.
616 3768 779 3818 —cr'rtuta
797 3765 897 3816 ed.1.:
918 3764 1084 3832 virtutique,
1112 3763 1211 3826 copula
1236 3775 1289 3825 ag-
1384 3836 1387 3842 ἱ

236 3851 384 3922 mutuata,
402 3858 432 3908 ut
448 3867 531 3918 saepe
547 3854 625 3904 abac.
660 3853 808 3904 Grutenrs:
836 3853 942 3906 uirtute
959 3853 1002 3920 ei,
1029 3853 1093 3903 alli:
1124 3851 1149 3902 ei
1165 3851 1287 3910 uirtute,-

237 3941 285 3989 sed
304 3952 398 3995 cerere
416 3956 556 4008 possumus
573 3943 739 4006 pronomine.

305 4027 349 4077 ¹²·
379 4029 443 4091 jorn
456 4037 530 4086 tane.
548 4033 577 4082 vi
595 4027 761 4093 cocejum,
792 4033 931 4092 ortumque
957 4027 1054 4091 procul
1081 4027 1162 4078 dubio
1187 4027 1231 4075 est
1247 4037 1286 4074 ex

237 4110 341 4166 *hm
357 4127 526 4181 praegresso.
555 4141 590 4170 -e
612 4119 860 4186 praecaventibus,
884 4129 919 4166 ne
943 4116 985 4166 illl
1009 4117 1063 4166 virt
1086 4115 1288 4178 separarentur,

237 4217 347 4267 quorum
361 4205 497 4258 discordia
515 4209 748 4260 calamItosisaima
764 4209 837 4257 essct
852 4207 943 4256 futura
953 4207 1020 4268 reip.
1038 4229 1072 4270 *7
1089 4201 1235 4255 raucidum
1251 4195 1286 4265 u,

239 4295 285 4345 IIr.
298 4294 391 4344 codd:
402 4293 492 4345 t-tr.
510 4321 543 4334 —-
562 4296 841 4350 succurrentium:
863 4295 1021 4346 Perductum.
1031 4291 1224 4356 -furtisrime
1236 4293 1289 4356 dc·
