2990 4894
239 270 309 344 lut
447 237 450 246 k
688 293 850 344 vruuurr

238 437 336 518 cajo,
356 437 514 521 voirmrrt,
535 435 573 496 ab
594 453 705 517 eoque,
726 433 932 498 vehementer
951 445 1146 518 repugnante
1158 441 1301 532 Nerone,

238 546 306 600 erat
326 536 490 617 inhibitus,
509 545 582 618 post
601 536 764 616 utriusque
786 534 1030 598 adolescentium
1053 537 1165 600 obitum
1191 541 1300 606 facere

237 638 474 718 perseveravit,
494 646 527 699 ut
544 645 575 698 et
596 636 770 698 tribunitiae
787 635 951 716 potestatis
976 639 1203 704 consortionem
1224 643 1299 706 Ne·-

198 751 200 758 ’
235 737 305 800 roni
335 721 554 815 constitueret,
587 738 713 799 muitum
737 735 863 818 quidem
886 755 925 798 eo
948 754 1020 799 cum
1047 737 1144 825 domi,
1176 749 1239 809 tum
1265 745 1299 804 iu

238 847 351 901 senatu
371 847 554 917 recusante,
587 847 730 916 etcum,
761 836 972 934 AeliooCato,
1005 837 1044 900 C.
1064 839 1298 928 Semineces,

237 958 270 1000 v.
291 937 422 1001 calend.
440 938 552 1022 Julias,
572 947 643 1018 post
662 938 703 1000 U.
719 938 757 1000 C.
774 937 864 998 auaris
882 936 1058 1022 DCCIrIV,
1079 939 1191 1004 abhinc
1209 944 1296 1006 aunis

237 1039 382 1126 XXVII,
412 1039 582 1119 adoptaret
631 1038 795 1099 Laetitiam
824 1037 904 1098 illius
935 1037 1014 1124 diei,
1049 1057 1298 1125 concursumque

169 1131 173 1148 ⁸
238 1139 392 1222 civitatis,
413 1148 444 1201 et
464 1147 536 1200 vota
557 1157 658 1219 paene
677 1137 880 1200 inserentium
894 1139 984 1200 coelo
1004 1158 1127 1224 manus,
1146 1161 1300 1224 spemque

238 1249 423 1322 conceptam
455 1249 627 1321 perpetuae
662 1239 840 1302 securitatis
873 1241 1130 1324 aeternitatisque
1166 1241 1301 1308 Romani

158 1331 160 1338 ’
238 1340 375 1426 imperii,
394 1341 452 1404 vix
472 1342 503 1402 iu
518 1340 570 1400 ilio
587 1339 674 1419 justo
693 1358 788 1420 opere
812 1339 934 1401 abunde
950 1343 1100 1423 persequi
1118 1346 1299 1424 poterimus,
1346 1365 1349 1377 ¹

239 1441 353 1503 nedum
376 1441 429 1502 hic
450 1440 579 1520 impiere
595 1447 768 1520 tentemus3
787 1439 818 1501 id
837 1459 931 1502 unum
951 1440 1097 1527 dixerim,
1124 1446 1231 1524 quanti
1248 1447 1300 1509 itin

239 1540 381 1604 omnibns
407 1541 508 1602 suerit.
548 1541 626 1602 'l'um
657 1541 739 1604 euim
769 1539 889 1603 refulsit
915 1551 1004 1604 certa
1029 1561 1105 1624 spes
1132 1544 1298 1608 liberorum

238 1641 434 1728 parentibus,
455 1641 532 1702 viris
548 1640 824 1727 matrimoniorum,
843 1642 974 1704 dominis
993 1643 1175 1730 patrimonii,
1195 1647 1298 1723 omui·

237 1743 298 1804 bus
317 1741 491 1804 hominibus
512 1741 638 1822 salutis,
659 1742 792 1828 quietis,
811 1743 925 1824 pacis,
937 1745 1176 1826 tranquillitatis3
1206 1746 1298 1832 adeo,

239 1853 273 1906 ut
293 1862 354 1906 uec
376 1843 447 1923 plus
465 1842 584 1922 sperari
600 1844 749 1928 potuerit,
768 1861 830 1906 nec
846 1844 916 1925 spei
931 1845 1115 1925 responderi
1127 1846 1260 1910 felicius.

167 1956 243 2026 104.
315 1942 491 2024 Adoptatus
523 1943 710 2005 eademdie
734 1945 826 2006 etiam
853 1945 898 2005 Μ.
919 1946 1076 2027 Agrippa,
1104 1965 1199 2029 quem
1227 1958 1300 2030 post
1328 1951 1337 1963 ‘

179 2091 187 2101 ,
238 2052 369 2106 mortem
385 2044 547 2128 Agrippae
557 2044 641 2106 Jniia
657 2048 748 2126 enixa
766 2053 842 2105 erat.
858 2045 926 2107 Sed
941 2046 973 2107 iu
983 2047 1122 2126 Neronis
1134 2047 1299 2129 adoptione

238 2143 311 2206 iliud
329 2143 487 2223 adjectum
507 2145 557 2206 his
577 2146 655 2225 ipsis
674 2143 824 2206 Caesaris
847 2144 968 2208 verbis:
990 2153 1076 2226 Hoc,
1096 2154 1237 2230 iuquam,
1252 2157 1300 2212 ret

236 2249 381 2322 publicae
396 2265 494 2306 eausa
511 2250 606 2320 socio.
644 2244 718 2309 Nou
742 2242 793 2306 diu
814 2243 972 2306 vindicem
993 2246 1218 2328 custodemque
1236 2251 1295 2312 im·

238 2347 316 2428 perii
333 2347 389 2410 sui
403 2356 520 2410 morata
543 2348 574 2407 in
593 2345 669 2408 urbe
688 2345 792 2408 Patria
812 2345 951 2426 protinus
970 2343 1298 2412 iniiermaniammi·

239 2447 366 2534 sit,ubi
383 2457 454 2510 aute
475 2447 637 2510 triennium
658 2446 716 2511 snb
733 2447 780 2511 M.
798 2446 940 2531 Vinicio,
958 2455 1105 2531 avotuo,
1124 2447 1298 2512 clarissimo

239 2551 324 2634 viro,
342 2551 527 2610 immensum
551 2556 714 2610 exarserat
733 2548 864 2633 bellum,
894 2556 926 2610 et
949 2556 1017 2610 erat
1036 2547 1074 2608 ab
1101 2567 1140 2609 eo
1167 2549 1298 2631 quibus-

241 2649 409 2734 domionis
430 2659 574 2734 gestum,
595 2649 780 2732 quibusdam
801 2627 1007 2712 sustentatum
1026 2648 1174 2729 feliciter,
1196 2668 1297 2730 eoque

241 2879 319 2932 nimis
338 2879 468 2941 babetnr;
495 2891 547 2940 qoc
575 2880 709 2938 expuncto
728 2873 890 2940 κακόφωνα
908 2877 972 2928 eico
989 2879 1119 2930 coloraret
1138 2879 1294 2929 medicanda

241 2970 320 3024 eraut
332 2969 549 3030 transpositione.
569 2992 603 3000 —
621 2966 655 3015 ub
674 2977 765 3029 coque.
783 2963 883 3015 nien:
903 2969 985 3031 utque
995 2984 1006 3028 ,·
1024 2968 1074 3018 sed
1086 2970 1177 3018 Burer.
1189 2969 1216 3018 iu
1227 2967 1297 3017 libro

241 3056 287 3108 vel
305 3069 406 3120 eoquo,
425 3053 471 3106 vel
490 3070 521 3108 eu
537 3055 610 3120 quod
630 3053 725 3115 legere
742 3053 793 3102 sibi
812 3055 887 3102 visus
904 3059 962 3118 est,
982 3058 1104 3127 evanidis
1121 3055 1221 3108 litteris
1228 3067 1299 3120 prae

241 3144 386 3192 vetustate.
405 3146 508 3192 rectum
521 3156 615 3210 ecque,
633 3144 668 3194 ab
680 3144 856 3203 interceptum
871 3145 905 3192 ab
924 3171 938 3180 -
948 3145 980 3194 111
995 3149 1166 3206 praegresso.
1178 3127 1209 3192 'n
1219 3149 1295 3194 notu:

239 3241 369 3301 „quoque
388 3243 437 3290 pro
456 3233 484 3282 et
502 3244 564 3297 que,
584 3243 643 3280 carn
660 3230 756 3293 latine,
774 3231 826 3278 uisi
845 3228 943 3293 11111111,
961 3232 1067 3280 dicutur
1084 3230 1205 3282 r'ubr'bere
1221 3246 1240 3280 a
1256 3246 1299 3296 re,

242 3330 297 3370 nou
309 3317 364 3369 iub.
381 3329 414 3367 rr
426 3316 551 3386 atiquo-’³
569 3343 603 3354 -
622 3316 652 3370 0.
667 3317 773 3375 Sentio.
792 3319 861 3368 bene
871 3317 918 3365 Kr.
932 3318 1034 3367 addidit
1042 3327 1205 3378 praenomen
1216 3316 1299 3386 Cuju,

243 3408 422 3468 interceptum
440 3403 508 3453 illud
526 3406 622 3467 procul
649 3409 728 3458 drinio
754 3408 787 3456 ab
805 3403 887 3455 simili
905 3405 991 3470 Octo,
1016 3407 1086 3467 qnod
1103 3406 1247 3454 antecedit.
1265 3432 1299 3442 -

244 3495 383 3560 dixerim,
411 3505 493 3559 quum
511 3492 567 3542 itte.
590 3494 675 3558 liber,
702 3497 762 3549 set
780 3506 794 3542 r
814 3495 952 3556 contusis,
977 3495 1005 3542 et
1030 3495 1039 3540 i
1061 3494 1087 3540 iu
1111 3491 1299 3544 tauriniano

245 3598 262 3636 a
279 3587 453 3648 pronomine,
471 3581 541 3646 qnod
562 3580 628 3632 iilud
649 3583 763 3644 excipit:
783 3582 897 3647 diruisse,
916 3595 997 3647 quom
1014 3580 1070 3630 ille.
1087 3605 1122 3617 -κ
1143 3580 1210 3630 Tum
1227 3582 1300 3634 euim

245 3672 366 3736 resumit.
383 3671 476 3724 codd:
502 3669 569 3718 Tum
585 3666 707 3730 retrusit.
725 3673 903 3732 interceptum
923 3672 965 3720 est
983 3667 1053 3719 enim
1075 3670 1109 3718 ab
1130 3694 1145 3705 -
1156 3682 1202 3720 um
1219 3685 1299 3734 prae.

246 3771 348 3820 gresso
831 3775 833 3782 ·

315 3847 375 3900 104.
411 3849 529 3914 inquam.
549 3845 649 3900 codex:
675 3842 779 3908 inquit,
798 3860 816 3895 o
835 3852 862 3896 et
880 3847 906 3913 i,
936 3847 1056 3910 quodque
1081 3849 1170 3896 rarius
1191 3849 1298 3911 accidit,

246 3947 273 3984 ru
292 3931 319 3982 'et
336 3939 362 4000 t,
380 3937 480 3987 litteris
496 3935 624 3985 confusis.
643 3933 675 3982 de
695 3930 744 3980 ilio
765 3915 859 3982 errore
875 3935 973 3997 passim
995 3934 1159 3985 dixitquead
1177 3937 1298 3987 Planta!

248 4026 276 4079 et
296 4023 436 4074 Senecam.
464 4027 533 4088 queri
556 4025 589 4074 ad
614 4022 728 4072 aiterum
755 4021 868 4084 attinet,
895 4021 998 4084 iegitur
1023 4023 1126 4084 quidem
1147 4027 1173 4075 te
1190 4037 1240 4087 pro
1257 4009 1299 4076 ure

249 4109 317 4173 apud
338 4107 450 4162 lineium
473 4117 499 4162 iu
519 4114 641 4175 Saturis,
671 4112 741 4164 Nou.
761 4122 821 4172 pag.
841 4107 913 4173 470,
940 4113 967 4160 et
991 4115 1086 4162 eontra
1101 4112 1167 4163 mitri
1185 4125 1232 4172 pro
1250 4114 1300 4166 tr'br'

249 4200 317 4264 1111111
339 4196 460 4248 Plautum
481 4201 539 4253 Aul.
560 4199 642 4264 enta
661 4213 752 4254 veram
770 4203 857 4254 tanen
874 4201 958 4254 satius
975 4206 1016 4251 est
1029 4202 1138 4252 attribui
1159 4199 1225 4251 talia
1236 4216 1301 4264 pec·
