2998 4896
592 385 694 436 ursn.
720 386 757 435 n.
785 387 828 434 ιι.
1191 365 1239 437 25
1348 393 1352 406 ·
1489 393 1490 418 ι

178 543 254 592 mox
269 529 473 609 quaestiones
492 529 524 589 in
536 528 658 590 amicos
674 527 870 610 clientesque
883 527 1100 594 Gracchorum
1115 531 1238 593 habitae

179 637 261 694 suot.
300 629 369 692 Sed
392 627 565 711 Opimium,
596 628 698 690 virum
726 629 840 711 alioqui
869 640 1012 694 sanctum
1037 641 1070 695 et
1096 648 1238 716 gravem

179 731 357 794 damnem
380 738 492 809 postca
512 727 628 790 indicio
641 729 783 814 publico,
801 734 952 796 memoria
966 732 1058 795 istius
1075 734 1239 818 saeuitiae,

177 833 261 896 nullo
281 832 385 896 civilis
405 836 574 910 prosecuta
592 837 644 891 est
660 831 887 895 misericordia.
939 835 1059 896 lisdem
1082 833 1239 916 Rupilium

178 934 411 1015 Popiliumque,
440 931 492 1012 qui
512 929 608 995 Coss.
629 933 802 1012 asperrime
822 933 853 994 in
870 933 938 996 l'ib.
959 932 1098 998 Gracchi
1118 936 1239 999 amicos

177 1023 378 1114 saevierant,
396 1041 507 1113 postea
525 1031 708 1096 iudiciorum
730 1033 923 1112 publicorum
948 1037 1059 1098 merito
1079 1036 1241 1118 oppressit

177 1135 305 1198 invidia.
343 1131 423 1212 (tici
442 1141 545 1196 tantm
578 1151 687 1215 parum
714 1134 754 1194 ad
786 1135 922 1198 ceddam
951 1138 1112 1217 pertinens
1138 1136 1239 1222 inter·

177 1245 317 1316 ponetur.
365 1235 428 1299 Hic
464 1244 514 1298 est
547 1235 705 1322 Opimius,
745 1253 765 1294 a
796 1253 858 1316 quo
891 1234 967 1299 Cos.
1002 1238 1239 1300 celeberrimum

126 1337 131 1344 '
180 1331 335 1413 opimant
354 1344 420 1398 cirri
436 1356 567 1417 nomeo3
589 1336 672 1418 quod
694 1337 755 1398 iam
770 1336 887 1398 nullum
901 1355 996 1424 esse,
1015 1340 1117 1420 spatio
1136 1357 1238 1400 mmo-

177 1457 245 1500 rum
265 1439 371 1518 colligi
386 1448 510 1523 potest,
529 1455 604 1502 cum
622 1438 662 1500 ab
681 1457 722 1500 eo
739 1436 803 1500 sint
822 1437 862 1500 ad
878 1446 928 1520 te,
948 1441 995 1502 M.
1015 1440 1137 1524 Vinici,
1157 1417 1239 1503 coo-¹·

179 1542 372 1618 colemanni
392 1540 492 1620 Old.)
529 1581 531 1589 =
1289 1598 1292 1604 .

251 1641 409 1722 [Subinde
442 1642 556 1706 Porcio
591 1642 777 1726 Marcioque
810 1641 907 1706 Coss.
938 1643 1075 1706 deducta
1106 1630 1270 1724 colonio,8

176 1748 285 1806 ‚Narbo
319 1743 491 1821 Martiae]
511 1775 515 1786 ·
536 1741 705 1808 lllaodetur
734 1743 848 1806 deiude
880 1743 1050 1806 memoriae
1081 1744 1239 1806 severitas

176 1844 370 1908 iudiciorum.
411 1842 537 1925 Quippe
555 1844 594 1909 G.
609 1843 690 1907 Cato
709 1846 896 1927 consederis,
915 1845 963 1907 Μ.
976 1843 1108 1908 Catonis
1126 1863 1239 1926 nepos,

174 1945 317 2009 Africani
335 1947 455 2010 sororis
473 1945 567 2025 lilios,
586 1947 889 2026 repetundarnmex
902 1946 1093 2010 Macedonia
1105 1946 1239 2008 damua-

176 2056 314 2129 tuaest,
344 2066 416 2111 oum
442 2049 481 2110 lis
507 2047 578 2111 eius
606 2047 682 2112 HS.
713 2057 823 2130 quator
850 2047 985 2111 milbbns
1011 2049 1238 2110 aestimaretur.

175 2147 269 2212 Adeo
286 2150 329 2212 illi
348 2151 408 2212 viri
428 2150 533 2230 magis
551 2150 742 2213 voluntatem
764 2149 921 2231 peccandi
939 2149 1135 2212 intuebantur
1145 2167 1239 2230 quarn

175 2249 320 2334 mudum,
338 2251 486 2332 factaque
504 2251 545 2313 ad
563 2252 727 2314 consitium
747 2251 924 2333 dirigebant
942 2259 996 2330 et,
1016 2248 1105 2332 quid,
1125 2269 1187 2312 non
1206 2251 1238 2312 io

175 2359 340 2435 qnantum,
359 2350 532 2420 admissum
548 2349 639 2436 foret,
659 2353 874 2414 aestimabant.
915 2351 1010 2414 Circa
1028 2350 1141 2412 eadem
1153 2360 1238 2413 teor·

173 2471 251 2533 pora
276 2454 397 2516 Metelli
417 2454 531 2516 fratres
560 2473 622 2516 uno
656 2453 707 2516 die
726 2447 1002 2532 triumphaveruirt.
1040 2450 1116 2512 Non
1134 2453 1239 2513 minus

173 2553 294 2618 clarum
315 2555 510 2637 exemplum,
542 2563 575 2617 et
593 2554 697 2618 adbuc
716 2554 858 2636 unicum,
882 2550 987 2614 uutvu
1002 2551 1131 2631 Flacci,
1156 2550 1238 2632 ejus,

175 2655 228 2736 qni
251 2653 392 2736 Capuam
414 2663 559 2736 ceperat,
577 2655 726 2739 filiorum,
746 2653 806 2716 sed
825 2654 953 2717 alterius
978 2653 1014 2716 in*
1038 2651 1237 2734 adoptionem

175 2755 253 2840 deti,
287 2755 320 2818 in
349 2757 484 2837 collegio
513 2753 706 2821 consuetus
726 2755 792 2818 fuit.
832 2753 1015 2836 [adoptivos
1046 2755 1079 2817 in
1110 2753 1237 2818 Acidini
1320 2757 1321 2762 ’

175 2857 284 2920 Manlii
303 2857 449 2920 familiam
467 2857 585 2942 datus]
624 2859 709 2922 Nam
731 2874 868 2920 censura
887 2856 1085 2919 Metellorum
1106 2867 1236 2937 patrim-

175 2959 264 3041 lium,
283 2977 346 3020 non
365 2977 605 3046 germanorum,
624 2959 751 3024 fratrum
769 2959 841 3037 fuit;
864 2957 948 3040 quod
966 2959 1044 3020 solis
1062 2957 1238 3036 contigerat

175 3058 388 3140 Scipionibus.
438 3059 519 3122 'lum
541 3060 660 3122 Cimbri
690 3068 723 3122 et
745 3059 878 3120 'l'eutoni
898 3056 1124 3120 transcendere
1143 3057 1236 3120 ltno-

175 3177 269 3246 oom,
293 3158 398 3221 multis
425 3175 500 3220 mox
528 3159 645 3222 nostris
673 3160 805 3240 suisque
834 3157 976 3222 cladibus
1004 3159 1135 3220 nobiles.
1172 3159 1236 3221 Per

175 3259 287 3322 eadem
308 3267 450 3340 tempora
473 3257 578 3320 claros
613 3258 683 3340 ejus
715 3261 861 3343 Minucii,
891 3261 943 3340 qui
968 3260 1125 3346 porticus,
1154 3279 1236 3342 quae

83 3443 90 3450 .
174 3358 333 3438 hodieque
355 3357 500 3421 celebres
520 3367 611 3445 sunt,
639 3359 764 3424 molitus
783 3370 850 3448 est,
881 3379 901 3422 e
922 3360 1104 3426 Scordiscis
1124 3363 1235 3424 trium-

176 3457 259 3541 pbus
278 3457 344 3520 fuit.

173 3685 252 3746 prete
269 3687 333 3734 sunt
350 3685 436 3734 verba
452 3685 530 3734 uocis
553 3685 667 3736 inclina.
693 3709 729 3722 -
757 3683 890 3738 &adeles
916 3695 1031 3751 quoque.
1055 3684 1142 3734 mtnus
1165 3681 1234 3730 bene

176 3772 268 3824 codd:
289 3770 481 3838 Orodekaque.
502 3773 538 3824 ot.
557 3771 620 3822 too.

243 3861 270 3910 θ.
308 3859 647 3924 [suumne-tractam
685 3860 789 3912 delevit
814 3864 899 3923 baec,
929 3864 1080 3912 Bumauno
1109 3857 1231 3921 auctore,

173 3951 238 4012 Ka,
257 3953 383 4011 tanquam
399 3951 488 4012 petito
504 3963 539 4000 ex
558 3949 590 4016 l,
610 3949 670 4013 tc.;
696 3953 793 4013 quibus
821 3952 907 4000 verba
928 3950 965 3998 Ιιι
990 3944 1095 4010 unitos
1112 3945 1233 3998 Graccii

173 4061 207 4074 -·
224 4038 355 4105 condito,
384 4036 715 4102 protractaecap.1tl.‚
745 4047 929 4101 praeposuere
946 4035 1044 4082 liraus.
1064 4036 1093 4084 at
1112 4031 1231 4087 clulius.
1482 4003 1484 4134 1

174 4147 208 4160 -
225 4126 284 4178 eiua
302 4127 360 4178 Hs.
378 4130 480 4191 quater
495 4117 533 4178 ηιξ
547 4128 587 4178 ita
606 4129 723 4190 Kraus.;
751 4130 778 4176 in
796 4126 875 4177 libris
892 4123 992 4172 omissa
1017 4125 1060 4172 esi
1084 4125 1150 4174 nota
1167 4125 1231 4185 HS„

174 4212 248 4262 sicut
263 4212 308 4262 to.
337 4239 372 4250 -
401 4216 599 4270 eScordiscis.
617 4219 659 4269 ed.
678 4216 717 4266 i.:
737 4228 772 4266 eto
790 4208 952 4276 Cordi-scia,
971 4211 1005 4260 de
1022 4223 1074 4272 quo
1092 4225 1118 4260 v.
1139 4213 1231 4262 annot.

176 4301 211 4349 ad
230 4299 276 4350 75.
295 4297 373 4364 bique
389 4302 460 4354 libri.
1201 4295 1204 4306 '
