2998 4896
252 385 276 458 6
704 404 865 455 ιιιιῑιι

256 550 407 616 cedouiae
428 549 614 630 occupavit3
644 566 663 608 ιι
687 566 748 629 quo
767 563 903 628 magnus
924 546 1105 606 Alexander
1134 565 1207 608 cnm
1226 547 1318 624 luerit

256 653 408 733 septimus
435 650 592 728 decimus,
618 648 686 712 iure
714 648 846 709 materni
872 647 1003 726 generis
1028 646 1152 708 Achille
1178 657 1319 732 auctare,

255 753 375 834 paterni
398 752 553 829 Hercule,
574 748 725 833 gloriatus
746 756 806 809 est.
1223 733 1225 742 '

224 856 246 920 7
334 851 504 932 [Aemilius
524 853 607 914 Sura
627 850 667 911 de
686 849 776 910 annis
791 848 895 929 populi
913 847 1063 909 Romani:
1083 847 1213 931 Assyrii
1230 851 1319 930 prin-

255 954 346 1035 cipes
366 953 502 1015 omnium
526 952 666 1034 gentium
688 969 792 1012 rerum
811 948 899 1029 politi
918 955 1006 1030 sunt,
1027 947 1141 1009 deinde
1161 950 1319 1013 Macedo-

255 1073 325 1116 nes.
364 1054 488 1115 Exinde
516 1051 638 1115 duobus
658 1051 787 1133 regibus
812 1049 955 1129 Philippo
975 1057 1007 1109 et
1031 1048 1209 1130 Antiocho,
1229 1052 1320 1134 quia

255 1154 484 1218 Macedonibus
509 1154 628 1218 oriundi
649 1164 753 1233 erant,
783 1149 867 1211 haud
884 1150 980 1211 multo
1004 1158 1076 1230 post
1097 1150 1321 1234 Carthaginem

255 1255 418 1318 subactam
438 1245 595 1337 devictis,
619 1269 741 1316 summa
764 1249 884 1329 imperii
903 1250 943 1312 ad
962 1251 1108 1332 populum
1131 1250 1224 1316 Rom.
1244 1273 1321 1334 per-

255 1357 353 1419 venit.
391 1359 476 1418 lnter
495 1357 556 1417 hoc
573 1364 697 1432 tempus
715 1359 746 1412 et
765 1346 882 1412 initium
902 1352 990 1433 regis
1008 1353 1083 1412 Nini
1103 1352 1323 1436 Assyriorum,

257 1458 309 1538 qui
329 1457 477 1536 princeps
503 1471 607 1513 rerum
632 1451 765 1536 potitus⁷
798 1453 952 1514 intersunt
976 1461 1049 1513 anni
1069 1453 1151 1514 mille
1171 1455 1322 1535 nongenti

257 1555 426 1634 nonaginta
449 1552 613 1635 quinque]
627 1553 666 1632 *J
705 1553 808 1615 Huius
825 1554 975 1634 temporis
999 1555 1141 1634 aequalis
1159 1553 1322 1617 Hesiodus

257 1655 329 1736 luit,
364 1655 451 1717 circa
476 1653 571 1716 CXX
591 1671 691 1715 annos
713 1653 878 1716 distinctus
901 1654 940 1716 ab
961 1653 1091 1716 Homeri
1116 1663 1239 1739 aelate,
1271 1657 1321 1716 vir

257 1755 470 1842 perelegantis
492 1755 610 1835 ingenii
627 1763 659 1817 et
674 1756 856 1818 mollissima
876 1755 1041 1818 dulcedine
1061 1757 1230 1819 carminum
1249 1774 1321 1818 me-

258 1856 436 1942 morabilis,
461 1855 515 1917 otii
548 1855 726 1938 quietisque
757 1856 994 1938 cupidissimum
1023 1866 1058 1919 ut
1077 1865 1217 1936 tempore
1239 1865 1324 1921 lauto

257 1959 346 2043 viro,
372 1957 415 2018 ita
441 1956 548 2036 operis
566 1957 750 2019 auctoritate
769 1958 941 2036 proximus.
994 1954 1057 2034 Qui
1075 1956 1202 2039 sitavit,
1231 1976 1272 2020 ue
1291 1960 1323 2021 in

258 2057 306 2143 id,
327 2077 388 2140 quo
406 2059 584 2141 Homerus,
602 2057 771 2139 incideret,
789 2057 983 2138 patriamque
1003 2066 1035 2120 et
1052 2067 1202 2139 parentes
1221 2067 1324 2122 testa·

258 2171 310 2222 tus
330 2168 395 2239 est3
417 2159 476 2220 sed
497 2159 645 2243 patriam,
665 2159 737 2239 quia
761 2158 914 2220 multatus
928 2158 966 2218 ab
991 2177 1031 2220 ea
1053 2167 1137 2241 erat,
1157 2167 1323 2222 contume·
1361 2237 1362 2242 ἵ
1392 2225 1394 2232 ,

258 2260 448 2355 llosissime3
477 2260 560 2321 Dum
581 2259 614 2320 iu
634 2259 774 2321 externis
797 2277 915 2342 moror,
943 2259 1040 2322 incidi
1066 2260 1098 2323 in
1121 2279 1188 2321 rem
1211 2259 1323 2322 dome-

260 2361 370 2424 sticam
380 2360 570 2442 maximique
590 2362 705 2422 erroris
721 2369 754 2423 et
770 2360 897 2422 mullum
916 2358 1148 2441 discrepantem
1161 2369 1324 2422 auctorum

260 2460 463 2544 opinionibus.
502 2461 587 2525 Nam
618 2461 743 2544 quidam
774 2460 867 2522 huius
889 2462 1040 2542 temporis
1069 2470 1170 2524 tractu
1197 2462 1282 2524 aiunt
1305 2479 1325 2523 a

259 2563 376 2626 'luscis
409 2562 550 2643 Capuam
588 2563 767 2645 Nolamque
800 2561 975 2641 conditam,
1016 2571 1089 2625 ante
1125 2573 1224 2626 annos
1257 2562 1325 2624 lere

258 2662 493 2743 DCCCXXX3
526 2662 639 2744 quibus
664 2662 810 2744 equidem
839 2663 1046 2725 adsenserim.
1086 2664 1153 2726 Sed
1178 2665 1222 2726 M.
1244 2663 1324 2727 cato

260 2773 406 2847 quantum
421 2762 540 2826 differt!
564 2764 617 2845 qui
637 2763 740 2846 dicat,
761 2762 901 2842 Capuam
918 2762 957 2824 ab
976 2763 1098 2825 eisdem
1113 2765 1228 2828 'l'usois
1244 2783 1325 2828 con·

260 2865 371 2948 dmm,
391 2881 431 2928 ac
450 2864 583 2927 subinde
610 2864 742 2943 Nolam3
771 2862 901 2924 stetisse
930 2871 1033 2926 autem
1053 2863 1211 2946 Capuam,
1231 2875 1324 2929 ante-

259 3091 347 3138 Aulm.
360 3089 392 3139 ad
405 3089 504 3140 Euseh.
522 3103 547 3151 p.
562 3087 622 3153 cd,
641 3085 707 3138 (lau.
723 3089 794 3150 lsag.
804 3101 829 3150 p.
845 3085 918 3152 84³,
937 3087 1057 3138 Wessel.
1071 3091 1104 3140 ad
1117 3087 1196 3139 Diod.
1214 3089 1322 3152 llragm.

260 3191 287 3242 p.
309 3176 374 3226 637.

330 3264 357 3316 7.
392 3279 445 3333 quo
461 3268 607 3320 Homerus.
642 3268 694 3316 ltlo.
711 3264 839 3314 solaece:
859 3266 938 3330 quod.
958 3266 993 3314 ci.
1012 3265 1045 3328 a,
1065 3263 1128 3314 loe.
1145 3288 1181 3302 -
1197 3267 1247 3317 aed
1261 3281 1317 3331 po·

263 3353 348 3406 biom
367 3377 403 3390 -
423 3353 679 3406 contumelicrsa'me.
697 3367 723 3402 v.
742 3354 855 3402 Hesiodi
874 3353 905 3402 0.
924 3354 1002 3402 etl).
1022 3353 1088 3418 6³9,
1107 3352 1187 3418 640„
1206 3355 1280 3405 said.
1298 3371 1324 3406 v.

261 3440 393 3506 Ἠσίοδος
409 3447 460 3492 etc.

332 3527 363 3587 *J
399 3533 617 3581 Additameutnm
641 3532 774 3593 spurium,
804 3532 874 3594 qnod
893 3531 940 3579 Kr.
961 3531 1073 3581 induxit.
1108 3544 1208 3581 vereor
1224 3536 1325 3594 aulem⁷

263 3629 298 3668 ne
316 3619 485 3671 scribendum
503 3621 540 3667 sit
564 3617 709 3668 Mamilius
734 3621 826 3686 Suro,
855 3630 932 3679 quem
959 3617 1116 3668 historicum
1141 3621 1265 3670 nevimus
1291 3632 1325 3668 ex

262 3705 369 3774 Plinio,
396 3707 428 3756 Η.
445 3707 478 3756 N.
498 3705 548 3770 ts,
579 3705 627 3754 16:
654 3717 717 3755 nam
734 3705 870 3756 Aemilius
893 3707 971 3756 Sara
988 3708 1069 3770 plane
1085 3708 1240 3771 ignoratur,
1269 3709 1323 3756 niel

262 3797 323 3854 quis
340 3797 413 3845 ferte
428 3793 585 3845 Mamilium
602 3793 679 3842 illum
702 3795 788 3844 luisse
803 3796 881 3855 putet
899 3795 939 3844 M.
957 3794 1121 3860 Aemilium,
1152 3807 1204 3855 quo
1222 3805 1324 3858 genere

261 3884 419 3932 mendarum
437 3884 546 3932 scatent
572 3881 643 3931 llbrl.
673 3905 709 3918 -
732 3884 814 3933 later
831 3884 883 3936 bec
898 3905 934 3921 ·-·
948 3883 1064 3947 politus.
1105 3883 1204 3932 Rhea:
1231 3881 1257 3932 1.
1275 3883 1327 3933 hoc

263 3971 369 4032 tempas
399 3973 427 4020 et
451 3970 562 4022 initium
583 3971 659 4036 repis
685 3970 751 4021 Nisi
771 3969 953 4034 Assyriorum
972 3975 1024 4020 etc.
1054 3973 1113 4032 lpse
1136 3972 1163 4020 la
1188 3971 1325 4032 margine:

264 4055 340 4106 lllai.
367 4057 442 4119 Irlps.
460 4060 571 4110 etalii:
588 4058 750 4110 -iaitium
767 4057 838 4108 Nini
853 4058 930 4125 repis
950 4059 1030 4126 Ara,
1049 4069 1117 4119 quae
1135 4059 1229 4108 lucela
1249 4063 1326 4121 sunt,

266 4145 378 4210 opinor,
403 4157 456 4196 nec
479 4150 567 4212 magle
595 4159 663 4198 vera
689 4159 766 4208 quam
789 4149 909 4209 repetita
936 4147 986 4198 illa
1010 4159 1044 4196 ex
1070 4148 1256 4208 superioribus
1282 4149 1328 4214 qui

265 4233 397 4300 princepe
412 4249 507 4288 reram
522 4237 637 4300 potitur.
673 4238 730 4286 lrno
747 4235 871 4298 sphalma
888 4236 993 4287 librarll
1012 4237 1055 4284 est
1071 4233 1139 4284 illud
1151 4235 1238 4301 repis,
1256 4239 1326 4300 quod

239 4319 243 4324 “
269 4325 412 4389 corrigens
429 4325 634 4389 adscriptione,
661 4329 691 4374 ut
708 4329 781 4374 esset
799 4324 899 4390 repitit
928 4326 957 4372 at
977 4323 1095 4385 imperitl
1113 4335 1148 4374 ex
1166 4337 1200 4374 eo
1217 4325 1328 4377 exscul-
