2998 4896
503 343 515 442 f
598 387 699 440 ursa.
727 391 763 437 n.
791 387 817 436 r.
1035 387 1038 392 ·
1191 363 1236 436 ll

178 541 281 604 datm
301 553 416 598 aevum
434 535 512 617 tulit,
526 535 576 595 uti
595 550 658 594 uec
675 533 835 612 peritarum
854 507 1053 612 iu-auliquius
1067 532 1238 595 attonuere

176 638 334 724 processit
353 637 493 698 ubertas.
530 634 577 695 At
596 632 693 694 oratio
712 650 752 694 ao
763 633 816 694 vis
827 631 982 718 forensis,
1001 631 1238 714 perlectumque

26 721 31 729 ἱ
93 747 95 752 ’
176 759 292 822 prosae
320 737 520 819 eloquentiae
538 733 652 812 decus,
685 735 820 795 utitem
849 743 1013 814 separetur
1034 738 1114 794 cato
1140 733 1239 812 (paco
1290 776 1295 786 .

177 849 212 904 Ρ.
244 846 370 913 Graan,
404 841 634 916 Scipionesque,
670 842 703 895 et
727 840 845 912 Laelii,
880 844 911 896 et
942 839 1174 910 Gracchorum,
1206 842 1240 894 et
1348 875 1351 884 ,

179 947 308 1017 Fanni,
330 947 363 1000 et
382 943 451 999 Ser.
474 940 604 1014 Galbae,
625 935 775 1014 dixerim)
793 938 835 998 ita
853 937 1004 998 universa
1016 936 1082 998 sub
1098 934 1239 1015 principe

178 1042 286 1123 operis
304 1039 355 1100 sui
376 1038 476 1118 erupit
497 1041 613 1114 wadio,
634 1045 669 1097 ut
685 1035 834 1098 delectari
854 1047 926 1099 ante
943 1056 1017 1098 eum
1028 1035 1240 1118 paucissimis,

132 1150 136 1158 ’
178 1139 283 1204 mirari
302 1157 380 1202 vero
399 1138 553 1199 neminem
572 1137 693 1222 possis,
729 1137 790 1198 nisi
815 1148 868 1198 aut
893 1139 931 1199 ab
960 1139 1013 1198 illc
1030 1139 1152 1219 visum,
1182 1141 1241 1197 aut

181 1242 234 1324 qui
252 1240 336 1302 illum
354 1238 477 1302 viderit.
515 1237 587 1301 Hoc
607 1238 681 1300 item
701 1238 855 1298 evenisse
870 1237 1101 1320 grammaticis,
1120 1237 1241 1316 plastis,
1280 1267 1282 1276 =

179 1341 367 1424 pictoribus,
398 1338 689 1420 scriptoremque,
719 1338 864 1421 quisquis
896 1347 1070 1418 temporum
1097 1330 1243 1399 institerit

180 1443 283 1526 uotis,
314 1441 464 1523 reperiet,
496 1448 528 1502 et
555 1438 723 1501 eminentia
752 1440 906 1520 cuiusque
937 1439 1043 1518 operis
1075 1438 1242 1500 artissimis

180 1552 353 1623 temporum
372 1541 517 1604 claustris
543 1539 744 1603 circumdata.
782 1539 884 1601 Huius
909 1557 987 1618 ergo
1006 1538 1186 1601 recetieutis
1210 1538 1241 1600 in

183 1642 330 1725 quodque
350 1642 491 1704 seculum
504 1641 701 1721 ingeniorum
716 1641 934 1721 similitudinis,
954 1640 1242 1720 congregantistpuo

180 1763 220 1806 se
237 1745 270 1805 in
289 1741 454 1822 [studium]
475 1759 533 1822 par
551 1741 615 1822 [et]
634 1742 876 1825 emolimeutnm,
897 1730 1014 1802 causas
1027 1758 1099 1801 curm
1115 1756 1243 1819 semper

179 1845 324 1928 requiro,
340 1861 497 1924 nunquam
516 1843 656 1929 reperio,
676 1858 757 1923 quas
777 1859 856 1902 esse
872 1853 971 1902 veras
985 1839 1163 1924 confidam⁷
1183 1839 1243 1900 sod

181 1945 318 2007 fumasse
335 1944 541 2024 verisimilem
566 1944 648 2004 inter
677 1961 757 2024 quas
777 1941 835 2005 has
854 1942 1000 2003 mamma.
1046 1941 1112 2002 Alit
1131 1956 1243 2002 aema-

181 2046 255 2107 latio
273 2045 415 2127 ingenia,
445 2054 478 2106 et
497 2063 580 2107 nunc
600 2043 733 2129 invidia,
759 2062 843 2106 nuuc
865 2043 1026 2105 admiratio
1045 2042 1244 2104 imitationem

182 2146 340 2228 accendit3
376 2155 578 2230 matureque,
618 2144 700 2226 quod
733 2162 854 2206 summo
888 2143 991 2205 studio
1019 2143 1148 2224 petitum
1177 2151 1244 2222 est,

183 2247 325 2310 ascendit
352 2247 384 2308 in
406 2264 574 2326 summum3
605 2245 802 2326 difficilisque
829 2246 860 2305 in
893 2243 1036 2325 pellento
1064 2249 1152 2304 mora
1178 2252 1247 2333 ‘Sti-

181 2349 442 2427 naturaliterque‚
474 2346 557 2429 quod
583 2345 758 2426 procedere
788 2365 849 2406 non
873 2352 993 2428 potest,
1023 2345 1152 2406 recedit.
1203 2345 1246 2406 Ut

180 2455 262 2508 enim
280 2449 379 2528 primo
400 2447 440 2509 ad
460 2446 721 2528 consequend08‚
752 2463 832 2528 quos
851 2431 973 2526 priores
994 2445 1153 2530 ducimus,
1186 2461 1245 2506 ac-

182 2549 358 2610 cendimur:
387 2549 445 2631 ita,
472 2547 524 2608 ubi
556 2555 608 2608 aut
639 2547 801 2627 praeteriri
831 2555 884 2608 aut
912 2547 1039 2628 aequari
1070 2564 1127 2608 eos
1145 2561 1246 2626 posse
1316 2529 1319 2534 ¹

182 2648 440 2730 desperavimus,
469 2647 605 2711 studium
637 2667 709 2711 cum
735 2665 794 2729 spe
813 2651 970 2726 senescitp
998 2646 1062 2726 [et]
1084 2647 1165 2730 quod
1184 2631 1245 2708 ad-

186 2807 416 2826 m

183 2903 236 2950 isto
261 2901 369 2949 nomine
391 2877 568 2963 supplendum
596 2912 722 2950 censeam
753 2901 924 2964 vulgaturum
956 2899 1071 2952 Phaedri
1093 2899 1245 2950 fabularum
1317 2903 1323 2912 “

183 2988 291 3038 titulum
309 3000 387 3050 quam
403 2977 678 3050 harum'privandum.
697 3001 749 3051 quo
770 2991 841 3038 enim
858 2990 907 3039 has
926 3001 978 3052 ego
999 2989 1086 3050 nragis
1103 2989 1254 3040 considero.

183 3079 265 3138 atque
283 3077 410 3138 excutio,
440 3087 474 3124 eo
488 3077 653 3125 versimilins
671 3079 735 3124 mihi
752 3078 876 3141 videtur,
899 3077 1049 3125 al’laaedro
1069 3077 1165 3126 dudum
1181 3083 1247 3126 noto

184 3165 356 3226 conscriptas
373 3175 450 3225 esse,
467 3165 516 3212 sed
539 3167 683 3226 excerptas
700 3166 733 3213 de
754 3142 871 3228 ceteris,
896 3165 956 3214 sive
978 3166 1011 3214 ab
1031 3166 1108 3226 ipsc,
1133 3167 1194 3216 aive
1214 3167 1247 3215 ab

184 3252 275 3314 aliquo
293 3254 416 3316 editore,
433 3255 547 3314 propter
565 3254 724 3302 tenuitatem
739 3253 901 3315 argumenti,
935 3250 982 3302 vel
1000 3251 1076 3304 iocos
1092 3253 1247 3318 improbos,

186 3350 252 3401 quoa
268 3342 385 3390 Phaedri
402 3343 470 3391 dixit
488 3342 754 3404 epigrammatarius,
772 3340 818 3390 vel
837 3342 872 3393 ob
891 3339 1009 3390 alienum
1027 3355 1044 3390 a
1064 3343 1164 3392 fabulis
1181 3353 1248 3403 qno-

186 3427 299 3475 rundam
316 3439 350 3476 ex
367 3429 442 3477 hisee
460 3429 623 3478 carminibus
640 3427 824 3501 χαρακτῆρα.
843 3452 878 3465 -
894 3429 960 3480 item
971 3435 1121 3496 separetur
1136 3453 1171 3466 -
1187 3429 1248 3477 Hoc

92 3529 94 3534 ·
186 3515 260 3564 item.
280 3515 366 3564 codex
384 3517 540 3577 utrobique:
558 3517 641 3583 idem,
659 3518 757 3566 menda
774 3519 919 3579 frequenti.
938 3531 964 3566 v.
978 3519 1006 3584 2,
1025 3519 1062 3566 65
1078 3523 1130 3568 ete.
1149 3539 1183 3551 -
1199 3525 1247 3560 rt·

186 3603 309 3654 cedentis
327 3603 357 3653 in
374 3605 498 3669 quodque
515 3607 648 3655 seculum.
667 3607 692 3654 h.
706 3618 730 3655 e.
748 3618 779 3654 se
796 3603 874 3656 velut
891 3609 1056 3656 retrahentis
1075 3611 1103 3655 et
1121 3603 1249 3650 coartan-

187 3691 223 3739 tls
241 3691 269 3739 in
295 3693 418 3753 quodque
448 3692 587 3758 seculum,
616 3705 668 3742 nee
699 3693 772 3743 ultra
794 3696 821 3743 id
844 3697 990 3759 propagari
1009 3695 1115 3744 solitae.
1146 3688 1249 3737 codex:

186 3779 343 3830 recedentia
359 3793 413 3844 mq.
422 3815 434 3847 ,
454 3779 502 3828 vel
516 3780 582 3849 inq„
599 3783 732 3850 sectilem,
750 3785 777 3832 iu
796 3786 890 3845 quibus
907 3785 1069 3850 cannatum
1088 3777 1196 3824 videtur
1214 3789 1249 3852 ex

187 3868 290 3934 inape,
305 3867 394 3917 altero
412 3881 428 3929 q
445 3867 582 3932 neglecto.
600 3869 671 3920 male
684 3873 746 3920 lin:
759 3872 788 3922 in
801 3886 884 3924 ranam
896 3886 967 3932 see.‚·
983 3868 1151 3930 pessimeque
1163 3863 1246 3915 Rhen-

187 3957 296 4006 etalii:
325 3957 588 4024 procederentque,
619 3972 679 4009 curu
699 3963 850 4023 generatim
867 3960 994 4021 loquatur
1009 3955 1052 4000 liic
1071 3959 1179 4016 noster,
1196 3967 1248 4004 nec

188 4044 325 4094 Romanos
344 4048 541 4104 tantummodo,
559 4050 607 4097 sed
626 4050 707 4098 etiam
726 4050 849 4099 Graecos
867 4045 1005 4105 respiciat.
1029 4055 1067 4076 -·
1092 4041 1253 4106 [studium]

190 4133 382 4194 interpretatio
400 4136 479 4185 verbi
495 4135 713 4200 emolimentom,
731 4136 856 4187 sublecta
873 4133 900 4179 ln
918 4129 1056 4190 proximis.
1073 4133 1160 4181 minus
1172 4136 1250 4181 recte

190 4217 270 4268 libri:
289 4223 508 4274 emolumentum.
527 4248 563 4261 ·-
578 4225 761 4276 imitationem
776 4243 811 4260 -
827 4218 988 4282 matureque
1001 4221 1101 4280 primus
1110 4219 1251 4270 Acidaliae

194 4317 243 4366 pro
263 4305 454 4360 incitationem
471 4314 690 4382 facturaque.
712 4333 747 4344 -
775 4307 812 4356 Ut
833 4303 904 4355 enirn
918 4306 1017 4370 primo.
1036 4310 1144 4372 vulgo:
1163 4307 1202 4357 Et
1219 4309 1252 4356 td

229 4388 289 4426 Vror..
492 4410 497 4414 ·
962 4393 982 4453 2
