3004 4892
622 368 724 418 uisu.
750 367 786 416 u.
815 368 841 416 1.
1214 340 1265 416 15

204 527 320 576 cenam
351 528 371 572 a
395 511 564 593 lupercali
594 512 626 572 in
651 511 803 576 Pontion
817 561 819 574 .
835 525 951 572 versus
979 510 1133 574 theanum
1156 507 1263 572 facero

205 613 350 695 instituit,
380 613 433 676 cui
459 611 533 674 indo
560 610 717 674 moliendo
742 611 856 674 eximia
880 611 1017 674 civilalis
1042 611 1201 674 ”veritos
1233 620 1266 672 et

205 714 282 786 Cos·
302 715 412 797 Scipio
432 713 595 794 restiter03
629 711 712 795 quud
741 731 804 795 ego
823 713 904 778 iuter
930 711 1105 778 mensurna
1123 712 1266 793 publicae

203 817 372 882 voluntatis
391 822 574 896 argumenta
591 815 834 878 numeraverim.
863 814 980 880 Cassio
999 823 1103 880 aulem
1121 813 1268 896 Longino

204 928 238 982 ct
253 918 366 982 Sextio
387 915 537 994 Calvino,
567 915 619 996 qui
645 915 773 978 Sallues
792 913 875 997 apud
894 917 1027 1001 Aquas,
1058 934 1138 998 qnae
1167 916 1205 978 ab
1228 934 1269 978 co

205 1020 338 1094 Senum
354 1017 555 1100 appellantur,
576 1013 704 1096 delicit,
724 1016 905 1080 consilibus
923 997 1110 1080 Fabraterio
1133 1017 1269 1082 deducta

204 1130 266 1202 ast,
285 1117 399 1181 abhinc
417 1135 517 1180 annos
537 1115 637 1178 forme
651 1115 787 1195 CLVll3
808 1126 840 1180 et
858 1126 931 1197 post
945 1133 1059 1182 annum
1073 1125 1267 1199 Scylaeium
1373 1133 1376 1142 ’

205 1227 413 1299 Minervium,
440 1225 624 1297 Tarentum,
655 1224 833 1294 Nopronio5
864 1222 1083 1299 earroaooque
1105 1219 1138 1280 in
1156 1219 1268 1282 Africa

204 1323 319 1403 prima,
347 1329 381 1384 ut
398 1319 631 1402 praediximus,
664 1327 754 1382 extra
776 1318 895 1384 ltaliam
918 1319 1040 1382 colonia
1063 1319 1189 1384 condita
1204 1329 1267 1384 est.

104 1413 111 1428 ’
204 1425 256 1488 lle
279 1429 420 1486 Dertona
449 1420 629 1502 ambigitur3
672 1423 779 1480 Narco
805 1426 911 1482 cumn
937 1425 1078 1480 Martios
1104 1420 1137 1482 in
1164 1417 1267 1484 Gallia

203 1525 320 1588 Porcio
339 1523 524 1604 Marcioque
545 1521 656 1604 Cosa,
685 1520 798 1583 oblico
816 1535 918 1582 annos
936 1519 1063 1584 circiter
1082 1521 1184 1584 culli
1204 1521 1265 1584 ‹le-

203 1626 297 1692 dnois
315 1623 435 1688 colonia
452 1632 513 1705 esq
532 1631 653 1703 etpost
673 1630 786 1690 tresel
802 1615 914 1704 viginti
930 1639 1031 1684 annos
1047 1623 1079 1684 iu
1091 1622 1267 1704 Bagieuffi

202 1733 371 1810 Ερωεαὸα,
389 1725 491 1789 llario
511 1724 700 1808 sexium*),
720 1715 912 1804 Valerioque
933 1722 1052 1786 Flacco
1072 1722 1184 1804 Coss.;
1203 1741 1266 1784 ne·

203 1843 267 1910 qne
288 1827 380 1888 facile
391 1825 561 1888 memoriae
573 1823 803 1903 mandaverim,
824 1841 921 1908 quae,
938 1823 1001 1886 nisi
1015 1823 1173 1905 militaris,
1192 1833 1266 1904 post

203 1928 266 1990 lroc
284 1935 407 2008 tempus
427 1926 562 1989 deducta
582 1926 632 1987 sit.

204 2125 260 2202 ΙΙ.
284 2126 412 2202 Iocus
430 2127 484 2200 dc
509 2149 564 2216 eo,
590 2125 688 2224 quon
710 2131 866 2224 inperaio
885 2129 1110 2203 excellentie
1135 2133 1263 2200 oeteo-

211 2277 213 2284 ·
262 2269 333 2346 qne
357 2252 397 2322 in
420 2269 537 2322 onom
557 2252 722 2345 formum
747 2253 1019 2345 arciionemqae
1044 2253 1207 2321 oeinlcm

603 2455 604 2460 Ν
621 2373 841 2468 conponant.

280 2531 361 2594 Cum
380 2530 461 2592 haee
482 2531 631 2611 particula
653 2531 760 2610 operis
779 2530 867 2594 velut
882 2529 1013 2594 formam
1035 2530 1184 2612 propositi
1200 2523 1316 2592 err-16

201 2631 359 2712 cessem,
386 2647 563 2714 quauqrmm
584 2626 725 2711 intelligo
745 2630 851 2713 [mihi]
880 2633 913 2695 in
930 2632 993 2694 lrac
1015 2641 1079 2694 lam
1100 2631 1264 2712 praecipiti

200 2733 419 2817 festinatione,
449 2725 529 2816 quae
551 2751 604 2794 me
627 2741 715 2804 rotae
734 2734 866 2814 pronive
885 2733 1022 2816 gurgitis
1040 2732 1096 2812 [ac
1114 2732 1264 2814 verticis]
1365 2795 1369 2802 ,

201 2834 294 2897 modo
311 2852 465 2915 nusquam
483 2833 596 2918 patitur
612 2835 805 2914 consistere,
833 2853 934 2915 paene
956 2835 1059 2914 magis
1077 2834 1262 2896 necessaria

200 2935 429 3018 praetereunda
447 2953 538 3015 quam
558 2951 757 3016 supervacua
770 2934 996 3020 amplectenda,
1015 2953 1138 3014 nequeo
1157 2943 1263 2998 tamen

198 3047 373 3119 temperare
401 3035 492 3116 mihi,
524 3036 597 3114 quio
628 3053 695 3098 rem
725 3053 823 3116 saepe
853 3035 1001 3118 agitatam
1036 3036 1139 3104 animo
1171 3054 1262 3121 meo,

201 3157 304 3217 neque
323 3134 364 3198 ad
380 3134 526 3214 liquidum
546 3135 665 3198 ratione
684 3133 883 3216 perductam,
915 3135 1040 3218 signem
1061 3138 1141 3208 stilo.
1181 3135 1262 3218 Quis

201 3239 284 3300 enim
306 3236 430 3300 mundo
458 3233 562 3298 mirari
582 3245 702 3318 polest,
730 3235 813 3317 quod
836 3236 1082 3300 eminentissima
1109 3240 1262 3320 cuiusque

202 3338 408 3418 professionis
430 3337 559 3416 ingenia
583 3339 615 3400 iu
643 3337 778 3405 eandem
801 3336 930 3401 formum
959 3347 991 3401 cl
1010 3339 1042 3401 in
1061 3340 1145 3406 idom
1172 3340 1261 3403 anati

202 3437 352 3516 temporis
368 3439 559 3520 congruere
596 3440 746 3520 spatium3
784 3447 832 3523 ct,
863 3440 1121 3519 quemadmodum
1153 3442 1261 3504 clausa

201 3553 316 3622 capso,
335 3537 438 3600 aliove
457 3538 564 3624 sepio,
586 3540 706 3602 diversi
724 3539 853 3621 generis
869 3542 1027 3627 animalia,
1047 3543 1140 3610 nihilo
1157 3539 1261 3602 miuus

201 3647 347 3716 separata
373 3639 502 3722 alienis,
532 3638 563 3702 io
589 3660 682 3702 unum
707 3659 851 3725 quaeque
873 3660 989 3726 corpus
1015 3647 1259 3724 congregantur,

200 3737 244 3800 ita
263 3739 416 3822 cuiusque
441 3737 517 3802 clari
539 3741 645 3822 operis
671 3741 801 3824 capacia
822 3744 948 3828 ingenia
965 3746 997 3810 in
1028 3737 1257 3814 similitudinem

271 3931 315 3982 ill.
348 3930 380 3982 iu
395 3931 507 3984 Reaao.
532 3933 619 3984 mlum
644 3935 712 3986 lene
735 3938 829 3987 codo.:
859 3936 889 3988 iu
904 3937 1049 3999 Piorum,
1079 3934 1152 3996 quod
1168 3939 1257 3988 orium

200 4022 321 4072 arbllror
338 4032 354 4072 a
371 4019 485 4073 Piceni.
502 4044 537 4056 -
553 4022 582 4094 ct
596 4023 670 4086 port.
689 4026 767 4076 anesi
784 4025 855 4076 libro
873 4024 984 4090 copula,
1002 4023 1098 4076 nausia
1112 4025 1147 4076 ab
1164 4023 1257 4078 erl.-

201 4108 354 4176 Bcpieaaia
366 4109 414 4160 llr.
433 4123 483 4174 pro
506 4111 574 4176 ch.
592 4125 619 4162 v.
638 4111 671 4160 ll.
698 4138 732 4148 -
760 4116 870 4166 mutam
887 4111 1000 4174 vulgato
1019 4109 1126 4180 renio,
1159 4111 1256 4176 (lindio

199 4192 331 4263 auclore,
345 4199 485 4250 suorumir
504 4199 551 4249 llr.
571 4199 674 4252 ielellll
692 4201 832 4254 librarium
847 4200 915 4248 nola
932 4199 978 4248 Vl.
1056 4227 1058 4237 ‚

270 4284 313 4334 16.
348 4301 412 4352 „oc
426 4286 552 4340 cerlieir.
568 4289 674 4348 illrum,
691 4290 721 4337 nl
737 4289 804 4336 laec
817 4286 902 4336 verba
917 4299 935 4338 a
951 4285 1046 4352 glossa
1056 4285 1208 4344 luxorio&
1221 4288 1254 4340 B.
