2998 4896
276 289 323 360 oo
727 315 885 368 vaauen

227 477 269 542 43
351 459 435 522 lntra
469 461 566 522 breve
595 459 709 522 deinde
742 463 876 543 spatium
905 460 974 522 belli
1004 461 1102 524 civilis
1140 481 1335 534 exarserunt
1367 531 1369 534 .

276 559 378 646 initia,
406 581 478 624 cum
499 562 698 643 justissimus
728 563 864 642 quisque
889 572 922 625 et
947 561 1117 626 aCaasare
1138 574 1171 627 et
1191 585 1211 628 a
1230 569 1333 632 Pom·
1363 605 1366 612 ·

275 658 347 742 pajo
369 663 467 725 vellet
487 663 594 724 dimitti
616 661 784 722 exercitus.
808 661 934 744 Quippe
953 664 1117 746 Pompeius
1134 667 1166 728 in
1186 671 1331 732 secundo

275 763 440 826 consulatu
466 764 638 844 Hispanias
671 760 731 822 sibi
769 761 898 822 decerni
933 766 1092 846 voluerat,
1123 760 1239 849 eosque
1269 789 1330 850 per

274 863 454 946 triennium,
480 863 598 924 absens
624 862 694 942 ipse
714 879 753 922 oc
772 860 960 942 praesidens
984 865 1067 946 urbi,
1096 883 1152 944 per
1172 867 1327 932 Afranium

227 1045 230 1052 y
271 975 307 1027 ct
325 962 500 1043 Petrejum,
521 962 718 1025 consularem
739 980 778 1025 ac
794 964 1001 1043 praetorium,
1022 967 1147 1046 legatos
1167 986 1251 1050 suns,
1269 971 1326 1032 ad·
1402 956 1409 978 '

274 1065 482 1145 ministrabat3
514 1077 545 1126 et
564 1063 620 1146 iis,
653 1066 705 1146 qui
734 1064 915 1127 aCaesare
945 1055 1146 1129 dimittendos
1177 1071 1327 1132 exereitus

274 1167 521 1248 contendebant,
542 1167 780 1246 assentabatur3
813 1166 870 1246 iis,
891 1167 942 1246 qui
963 1166 1001 1232 ab
1021 1167 1093 1246 ipso
1114 1189 1257 1252 quoque,
1277 1173 1332 1234 ad-

274 1271 469 1334 versabatur.
509 1266 571 1344 Qui
592 1268 620 1329 si
641 1277 714 1330 anto
743 1266 919 1352 biennium,
952 1285 1044 1349 quam
1076 1269 1117 1331 ad
1145 1289 1233 1334 erma
1263 1274 1336 1336 itum

275 1381 340 1455 est,
371 1370 522 1453 perfectis
541 1367 722 1430 muneribus
743 1368 854 1430 theatri
874 1378 906 1431 et
925 1370 1053 1432 aliorum
1073 1391 1220 1460 operum,
1255 1395 1336 1456 quae

274 1474 304 1534 ei
323 1470 546 1551 circumdedit,
565 1470 758 1552 gravissima
778 1477 915 1532 tentatus
934 1471 1113 1533 valetudine
1134 1471 1336 1537 decessisset
1423 1483 1425 1490 ’

274 1575 305 1634 in
325 1571 517 1656 Campania,
550 1574 620 1653 quo
640 1569 765 1651 quidem
794 1580 934 1652 tempore
965 1573 1115 1635 universa
1141 1574 1227 1635 ltalia
1256 1585 1333 1638 vota
1414 1655 1418 1662 .

161 1689 164 1700 ·
273 1695 330 1758 pro
349 1675 450 1738 sainte
473 1675 562 1759 ejus,
581 1673 670 1754 primi
691 1673 826 1736 omnium
845 1673 979 1755 civium,
999 1677 1157 1759 suscepit,
1177 1675 1332 1738 defuisset

275 1779 416 1841 fortunae
437 1773 619 1839 desunendi
639 1773 708 1853 ejus
728 1774 835 1857 loeus,
856 1785 887 1837 et
901 1793 994 1856 qnam
1013 1777 1095 1854 apud
1116 1795 1250 1858 superos
1270 1778 1331 1839 ha-

274 1879 381 1940 buerat
401 1877 660 1958 magnitudinem,
679 1875 823 1937 illibatam
845 1875 1009 1939 detulisset
1028 1875 1068 1938 ad
1087 1877 1216 1940 inferos.
1243 1879 1332 1940 Bello

273 1987 377 2040 autem
396 1976 481 2037 civili
501 1985 532 2036 et
551 1983 613 2057 tot,
648 1993 729 2056 quae
751 1975 866 2037 deinde
886 1996 944 2056 per
964 1977 1128 2040 continuos
1148 1977 1213 2040 XX
1232 1997 1332 2040 annos

273 2085 445 2142 consecuta
464 2085 552 2159 stant,
568 2077 662 2139 ¹malin
683 2095 744 2138 non
764 2077 844 2139 allus
864 2079 1016 2160 majorem
1035 2079 1330 2160 flagrantioremqne

274 2197 365 2262 quam
394 2177 432 2242 C.
453 2177 564 2260 Curio,
595 2179 663 2240 trib.
695 2177 796 2261 pleb,
825 2177 959 2260 subjecit
987 2179 1108 2260 facem3
1139 2181 1187 2241 vir
1206 2180 1331 2264 nobilia,

272 2282 436 2366 eloquens,
455 2280 576 2366 audax,
597 2299 675 2344 suae
694 2280 879 2361 alienaeque
900 2287 932 2341 et
950 2278 1092 2342 fortunae
1113 2289 1145 2341 et
1163 2280 1331 2358 pudicitiae

271 2382 440 2468 prodiguS,
470 2385 563 2448 homo
583 2383 854 2466 ingeniosissime·
868 2390 1057 2463 nequamet
1073 2379 1228 2443 fecundus
1247 2381 1345 2444 malo·

272 2484 410 2566 publico,
439 2486 530 2566 eujus
555 2487 658 2547 animo
684 2485 908 2568 [voluptatibus
934 2484 994 2556 vel
1007 2479 1199 2566 libidinibns]
1226 2502 1330 2563 neque

273 2602 351 2666 opes
370 2585 451 2647 ullae
472 2604 577 2666 neque
598 2585 784 2665 cupiditates
801 2587 952 2652 sufficere
971 2597 1113 2667 possent.
1151 2587 1214 2648 Hie
1233 2586 1331 2666 primo

272 2707 328 2769 pro
345 2685 487 2768 Pompeji
508 2684 664 2766 partibus,
696 2686 729 2747 id
749 2698 814 2765 est,
845 2698 879 2750 ut
899 2698 972 2749 tunc
1001 2685 1186 2769 habebatur,
1219 2705 1275 2765 pro
1295 2703 1330 2746 re

273 2775 414 2872 publicai,
445 2805 518 2850 mox
539 2786 740 2850 simulatione
762 2796 870 2850 contra
889 2786 1072 2866 Pompejum
1093 2795 1125 2848 et
1144 2783 1329 2874 Caesarem,

274 2892 334 2954 sed
353 2893 456 2954 animo
474 2909 530 2974 pro
549 2888 692 2954 Caesare
712 2887 807 2950 stetit.
828 2888 864 2950 ld
883 2888 982 2971 gratis
1002 2905 1042 2949 an
1060 2900 1194 2971 accepto
1209 2891 1331 2954 centies

271 2994 330 3056 HS
358 2993 486 3076 fecerit,
524 3000 558 3054 ut
586 2991 784 3077 accepimus,
812 2991 843 3052 in
873 2989 976 3054 medio
1004 2992 1249 3073 relinquemus'
1278 2993 1331 3056 Ad

272 3094 411 3156 ultimum
431 3094 651 3158 saluberrimas
672 3092 883 3157 coalescentis
903 3091 1098 3156 conditiones
1118 3096 1224 3180 pacis,
1251 3082 1330 3178 quas

272 3204 305 3258 et
324 3194 447 3257 Caesar
463 3195 640 3275 justissimo
660 3194 762 3258 animo
782 3193 967 3276 postulabat,
988 3203 1019 3256 et
1038 3195 1208 3276 Pompejus
1228 3216 1330 3281 aequo

274 3297 453 3380 recipiebat,
475 3297 626 3361 discussit
645 3315 684 3360 no
703 3297 793 3378 rupit,
812 3296 904 3359 unice
926 3305 1060 3358 cavente
1080 3297 1237 3366 Cicerone
1251 3319 1332 3364 con·

276 3398 400 3464 cordiae
420 3396 573 3475 publicae.
598 3398 718 3460 Harum
737 3398 1035 3478 praeteritorumque
1055 3420 1159 3463 rerum
1173 3401 1248 3462 erdo
1262 3421 1332 3464 cnm

271 3501 367 3581 justis
386 3499 512 3563 aliorum
532 3497 739 3559 voluminibus
753 3507 920 3582 promatur,
939 3509 1014 3581 tum,
1034 3503 1077 3562 uti
1093 3519 1198 3580 spero,
1215 3502 1331 3562 nostris

274 3601 488 3683 explicabitur.

343 3795 389 3848 48.
425 3794 566 3860 fecundae.
595 3797 712 3858 pessime
735 3797 799 3848 libri
818 3799 900 3848 vein:
928 3796 1066 3861 secundm
1072 3831 1084 3864 ,
1113 3809 1165 3858 qua
1190 3794 1287 3844 menda
1304 3793 1329 3842 B

236 3923 239 3932 ,
271 3882 405 3947 deceptus
422 3887 488 3949 poni
499 3880 583 3949 jussit
601 3884 647 3936 eir
662 3886 781 3951 nobilis,
803 3885 933 3949 opulens,
962 3886 1068 3936 audac.
1098 3908 1134 3922 -
1159 3881 1282 3946 [colunt.
1301 3883 1329 3931 et

273 3967 339 4030 lib]
358 3976 479 4032 putidum
498 3975 643 4039 glossema.
803 3959 805 3962 ¹

341 4057 384 4107 49.
420 4061 450 4110 ba
466 4065 636 4129 republica.
660 4063 730 4114 male
747 4065 814 4114 haec
832 4063 895 4125 post
909 4073 1007 4111 vocem
1024 4059 1131 4110 invidio
1153 4058 1282 4120 leguntur
1298 4061 1325 4108 in

272 4148 364 4210 libris,
383 4156 586 4215 praeoccupata
607 4153 668 4204 scil.
686 4166 703 4204 a
721 4153 834 4204 librario
852 4151 1008 4200 festinante.
1025 4169 1060 4184 -
1077 4144 1177 4209 (onte)
1196 4147 1247 4196 hac
1258 4159 1327 4198 voce

274 4249 341 4300 opus
359 4248 419 4288 esse
443 4237 512 4286 vidit
529 4240 561 4287 R.
593 4241 638 4292 01·Ι
658 4245 686 4292 et
704 4242 764 4292 Ka:
793 4242 820 4292 et
838 4237 937 4302 (ente)
958 4251 1045 4290 aureos·
1063 4235 1242 4304 reponentem
1257 4239 1332 4288 octo.
