2998 4896
342 1259 618 1395 'vnnnnn
645 1305 1019 1396 nnnnnoonr

52 1540 54 1595 i
184 1551 1174 1665 flrsnonrnnorn
1250 1643 1283 1654 ,,

657 1785 700 1822 ΔΙ)

483 1927 757 1992 M.V1NICIUM
777 1927 872 1992 COS.

460 2175 644 2230 nnuma
671 2169 905 2246 nunnius.

226 2503 264 2522 ..
286 2507 292 2520 .
313 2459 465 2541 [Epona]
495 2469 682 2542 tempestate
713 2461 882 2522 distractus
908 2476 928 2519 a
950 2458 1031 2522 duce
1055 2462 1239 2531 suoNc-1

149 2569 252 2644 storo,
266 2561 481 2639 Metapontum
496 2561 641 2623 condidit.
680 2561 820 2638 Teucer,
840 2579 903 2622 non
921 2570 1071 2641 receptus
1088 2571 1211 2642 apatre

149 2659 320 2723 Telamone
351 2659 390 2722 ob
420 2660 587 2740 segnitiam
613 2680 675 2722 non
714 2661 892 2724 vindicam
926 2660 1029 2723 fratris
1060 2662 1210 2749 injuriae,

150 2761 292 2844 Cyprum
314 2761 494 2842 appulsus,
536 2762 754 2841 cognominem
786 2763 904 2843 patriae
940 2779 1019 2824 suaa
1052 2763 1213 2826 Salamina

43 2902 44 2963 p
150 2863 316 2925 constituit.
365 2861 527 2946 PyrrhuS,
566 2863 698 2926 Achillis
734 2863 833 2950 iilius,
865 2865 993 2944 Epirum
1028 2865 1210 2946 occupavit3

149 2963 322 3043 Phidippus
345 2964 505 3045 Ephyram
536 2964 568 3024 in
593 2963 789 3046 Thesprotia.
826 2965 871 3026 At
899 2981 958 3026 rex
981 2983 1091 3045 regum
1115 2966 1212 3046 Aga-
1278 2987 1279 2992 ¹

150 3101 381 3114 μ

219 3170 477 3222 fllsnoainiiom.
525 3170 657 3222 Codices:
686 3173 881 3224 marcuisti
908 3173 1084 3224 ROMANAE
1092 3189 1101 3238 3
1132 3187 1212 3238 quoru

150 3259 258 3309 titulum
277 3255 356 3322 hujus
375 3262 504 3322 operiri.
523 3262 632 3324 Lipsius
655 3275 707 3312 neo
727 3265 840 3326 probum
858 3275 920 3312 csse
939 3264 1019 3326 dicit,
1036 3275 1089 3312 nco
1109 3263 1213 3314 avei·
1321 3249 1323 3254 ¹

131 3335 226 3416 'lajo,
243 3351 290 3398 sed
309 3351 479 3411 propositum
493 3349 533 3398 iiii
555 3352 640 3400 tuisse
667 3353 825 3414 compendio
847 3354 876 3400 et
898 3362 1028 3400 annorum
1049 3354 1144 3402 ordine
1164 3364 1214 3401 res

152 3435 276 3484 notarum
294 3440 415 3498 gentium
437 3438 582 3500 complecti
598 3441 660 3488 inde
678 3452 695 3488 a
715 3435 841 3502 Trojauis
864 3440 1029 3502 temporibus
1053 3442 1086 3490 ad
1112 3449 1210 3490 consu-

150 3520 237 3570 latum
254 3525 292 3572 Μ.
312 3526 431 3600 Vinicii,
451 3528 469 3573 i.
488 3539 512 3575 e.
527 3539 625 3576 annum
642 3527 674 3577 U.
692 3523 721 3575 c.
739 3527 822 3592 782,
840 3529 979 3578 Tiberiani
998 3533 1088 3577 autem
1103 3524 1209 3586 imperii

151 3608 196 3658 16.
232 3609 366 3673 „Clarum
384 3619 570 3676 argumentum
577 3611 601 3677 ’',
616 3617 717 3680 inquit,
734 3649 752 3678 ‚‚
759 3628 792 3664 ex
803 3618 949 3678 primordio
967 3619 1036 3680 ipso,
1055 3616 1123 3677 quod
1138 3620 1209 3660 nuuc

151 3702 213 3761 est,
233 3698 335 3749 libelli:
356 3704 402 3753 uiri
423 3713 504 3752 carus
524 3708 552 3753 et
571 3715 742 3767 recemum,
770 3705 814 3765 qui
834 3717 852 3754 a
876 3699 960 3767 Troja
983 3703 1128 3753 redieruut.
1154 3699 1210 3748 Seri

149 3785 231 3848 plura
252 3789 462 3854 interciderunt,
480 3803 539 3839 com
558 3793 602 3841 irio
623 3794 726 3842 tantum
743 3791 910 3842 Graecorum
929 3805 1025 3853 casas;
1053 3798 1107 3836 uon
1128 3788 1209 3838 etiam

152 3869 350 3939 Trojanorum,
368 3880 450 3939 atque
472 3881 545 3930 adeo
558 3891 610 3928 neo
630 3882 715 3942 ipsius
736 3883 864 3946 Aeneae,
891 3866 969 3942 duem
990 3878 1115 3926 omittere
1134 3879 1210 3926 oortc

148 3975 206 4013 non
234 3967 339 4030 potuit,
370 3971 509 4018 auctorem
526 3971 554 4017 at
572 3971 654 4030 caput
670 3969 809 4019 Romanae
830 3964 1015 4037 stirpisieto.
1052 3959 1128 4026 Quae
1149 3975 1210 4014 cun

149 4053 296 4114 perspicue
321 4067 389 4104 vcra
412 4057 481 4118 siut,
517 4069 570 4105 non
596 4058 717 4106 dubitrwi
737 4057 930 4108 flammarum
948 4052 1039 4113 potius
1059 4053 1209 4103 inradiare

149 4139 201 4187 iros
218 4140 319 4205 libros,
335 4144 408 4192 sicot
421 4144 546 4206 inscripti
563 4147 675 4195 merant
693 4145 818 4196 sallustii
829 4148 858 4191 at
871 4141 954 4202 'frugi
970 4135 1104 4203 Pompeji:
1122 4151 1211 4202 neque

151 4225 223 4274 eninr
234 4231 287 4279 sibi
307 4235 416 4281 constat
432 4233 559 4296 Lipsius,
578 4245 637 4282 curn
656 4236 711 4297 ait,
729 4245 760 4282 se
777 4231 898 4278 vaterem
911 4230 991 4278 istam
1005 4230 1210 4292 inscriptione·

149 4315 238 4374 magis
255 4318 382 4369 damnare
404 4332 482 4381 qoam
499 4325 626 4371 mutatam
646 4321 729 4370 velie.
764 4319 823 4366 imo
844 4320 965 4380 constat,
982 4321 1132 4381 scriptores
1144 4315 1210 4366 oiim

185 4397 246 4436 Vm.
588 4453 591 4456 Ι
957 4402 975 4464 1
