2998 4896
594 379 696 427 uren.
722 377 759 426 a.
786 377 830 424 11.
1084 378 1087 386 ·
1194 345 1241 418 bil

182 535 266 607 stor,
297 523 518 602 conservavit,
552 521 742 602 Syriamque
773 519 855 580 adeo
885 520 916 580 in
945 520 983 616 l’,
1010 519 1050 580 lt.
1085 499 1241 599 potestate

182 627 322 710 retinuit,
357 634 392 686 ut
418 633 642 703 transgressos
674 621 706 681 in
735 638 805 682 eam
835 619 986 705 Parthos,
1024 619 1109 681 felici
1138 620 1242 683 rerum

183 735 319 811 eventu,
339 724 465 804 iugarat
482 740 524 784 ac
541 720 696 784 funderet.
1070 723 1074 728 ‘

259 828 323 888 Por
352 825 433 884 baec
460 821 738 904 insequendoque,
767 829 800 884 et
819 841 902 904 quae
924 821 1140 903 praediximus
1159 830 1295 894 tem-47

152 945 274 1010 pora,
306 924 438 1005 amplius
458 923 576 987 CCCC
604 923 699 984 millia
720 925 856 990 bostium
886 925 964 987 aC.
984 924 1127 988 Caesare
1146 941 1245 986 caesa

182 1038 275 1111 sarit,
308 1026 396 1106 plura
424 1031 524 1104 capta.
563 1025 741 1106 Pugnatum
770 1041 869 1106 saepe
890 1027 1008 1089 directa
1027 1027 1115 1111 acie,
1142 1040 1245 1106 saepo

183 1125 381 1211 agminibus,
415 1143 514 1206 saepe
540 1125 768 1206 eruptionibus3
802 1126 851 1188 bis
881 1137 1042 1208 penetrata
1071 1128 1244 1206 Britannia3

183 1221 300 1290 novem
320 1227 457 1308 denique
476 1226 648 1288 aestatibus
668 1225 725 1288 vix
747 1229 829 1290 ullus
855 1249 918 1292 non
934 1229 1113 1309 justissime
1134 1230 1245 1291 trium-

183 1329 265 1410 phus
296 1330 463 1410 emeritus,
496 1329 583 1390 circa
614 1328 758 1390 Alesiam
788 1349 868 1392 vero
901 1340 1006 1394 tantae
1036 1349 1090 1392 ras
1120 1340 1245 1414 gestae,

185 1413 319 1513 qrrantas
338 1430 455 1492 audere
475 1431 531 1491 vix
553 1431 704 1514 hominis,
736 1431 893 1510 perficere
923 1450 1025 1512 paene
1051 1433 1164 1494 nullius
1183 1433 1247 1494 nisi
1332 1511 1335 1515 A
1402 1475 1406 1483 ·

185 1531 237 1594 dei
255 1531 357 1594 luerit.
397 1531 539 1612 Septimo
559 1531 658 1594 ferme
678 1551 759 1594 anno
773 1533 896 1596 Caesar
915 1535 1093 1598 morabatur
1111 1535 1143 1596 io
1163 1531 1245 1596 Gal-

184 1635 254 1719 liis,
287 1652 359 1700 cnm
387 1635 523 1696 medinm
543 1634 609 1714 jam
638 1652 679 1695 ex
709 1635 826 1696 invidia
845 1637 1003 1716 potentiae
1021 1637 1102 1698 malo
1124 1635 1245 1699 cohae-

184 1736 283 1799 rentis
309 1737 390 1797 inter
420 1735 480 1800 Cn.
508 1735 693 1816 Pompejum
723 1745 755 1798 et
782 1737 820 1798 0.
850 1736 1024 1798 Caesarem
1058 1735 1246 1798 concordiae

184 1839 321 1920 pignus,
349 1839 434 1900 dulia
452 1855 533 1899 uxor
550 1837 687 1917 Magni,
714 1837 869 1919 decessit3
902 1847 1014 1920 atque,
1044 1839 1146 1900 omnia
1166 1839 1246 1898 inter

185 1937 359 2000 destinatos
378 1943 463 2000 tanto
483 1938 655 2000 discrimini
675 1937 774 2002 duces
804 1939 968 2003 dirimente
995 1939 1134 2022 fortuna,
1163 1939 1246 2002 filins

186 2057 310 2120 quoqne
329 2055 448 2119 parvus
468 2039 627 2125 Pompeji,
646 2041 731 2102 dulia
749 2048 862 2122 natus,
891 2041 974 2119 'intra
993 2041 1092 2102 breve
1112 2040 1247 2122 spatium

102 2158 104 2162 ’
185 2141 269 2203 obiit.
307 2142 387 2203 Tum
416 2143 447 2204 in
477 2142 600 2222 gladios
621 2143 803 2223 caedesque
832 2141 948 2203 civium
977 2140 1100 2204 furente
1121 2141 1247 2223 ambitu,

186 2242 278 2324 cujus
296 2261 402 2325 neque
420 2245 493 2306 finis
512 2245 743 2326 reperiebatur,
761 2261 824 2306 nec
843 2241 977 2324 modus,
995 2242 1106 2303 tertius
1125 2259 1247 2303 consu·

184 2346 266 2408 latus
286 2347 346 2408 soli
366 2345 426 2408 Cn.
439 2347 606 2430 Pompejo,
627 2347 720 2408 etiam
739 2345 974 2406 adversantium
994 2354 1087 2404 antea
1106 2342 1248 2430 dignitati

90 2443 92 2447 ’
185 2445 255 2527 ejus
270 2447 408 2530 judicio,
428 2449 551 2510 delatus
572 2457 632 2510 est.
666 2446 786 2526 ·anua
806 2445 858 2507 ille
877 2445 1006 2506 honoris
1025 2445 1142 2526 gloria,
1160 2445 1258 2506 velut·

186 2549 397 2610 reconciliatis
417 2547 481 2611 sibi
501 2548 716 2629 optimatibus,
749 2544 885 2608 maxime
906 2564 927 2607 a
946 2545 985 2608 0.
1005 2545 1148 2610 Caesare
1167 2546 1261 2608 alie--

185 2658 279 2712 natus
299 2655 360 2711 ost.
400 2649 467 2712 Sed
494 2649 563 2730 ejus
593 2651 775 2712 consulatus
795 2665 918 2711 omnam
938 2649 1004 2710 vim
1026 2649 1058 2710 io
1079 2649 1248 2712 coercitio·

186 2769 258 2812 nam
278 2752 412 2832 pmbitns
432 2752 586 2818 exercuit.
626 2749 697 2829 Quo
717 2738 858 2834 temporo
877 2752 914 2813 P.
934 2750 1065 2814 Clodius
1085 2749 1247 2828 alllilone,

187 2852 352 2916 candidato
373 2855 574 2938 consulatus,
608 2856 753 2936 exemplo
772 2850 889 2935 inutili,
922 2853 984 2916 etsi
1010 2853 1094 2914 iacto
1121 2853 1248 2916 salutari

186 2954 412 3038 reipublicae,
439 2957 525 3018 circa
551 2955 708 3041 Bovillas,
741 2964 901 3019 contracta
930 2971 973 3015 ex
1003 2969 1140 3016 occursu
1167 2953 1247 3035 rixa,

182 3054 346 3135 jugulatus
360 3065 422 3118 ast.
446 3055 597 3118 Milonem
616 3075 704 3117 reum
724 3075 786 3118 non
806 3057 910 3136 magis
929 3055 1048 3116 invidia.
1066 3055 1141 3118 lacti
1154 3073 1248 3135 quam

187 3155 331 3237 Pompeji
350 3157 510 3218 damnavit
527 3159 688 3237 volontas3
719 3173 812 3238 qoem
833 3154 959 3235 quidem
979 3152 1025 3217 M.
1046 3154 1126 3219 Cato
1146 3158 1248 3236 palam

186 3259 250 3320 lata
269 3257 404 3321 absolvit
423 3260 588 3322 sententia.
635 3257 697 3336 Qui
716 3259 746 3319 si
764 3259 914 3320 maturius
934 3257 1077 3341 tulisset,
1104 3277 1166 3322 non
1186 3259 1247 3320 de·

9 3383 11 3406 .
66 3414 68 3419 .
186 3359 340 3440 luissent,
371 3365 424 3440 qni
456 3367 664 3442 sequerentur
696 3360 892 3446 exemplum,
921 3360 1150 3443 probareotque
1176 3379 1248 3421 enm

183 3461 294 3524 civem
314 3460 464 3543 occisum,
487 3477 548 3542 quo
567 3475 661 3522 nemo
679 3461 885 3541 perniciosior
904 3455 1124 3546 reipublicae,
1143 3477 1247 3540 neque

187 3562 279 3624 bonis
299 3561 457 3630 inimicior
471 3562 606 3625 vixerat.

186 3774 265 3825 attile.
287 3798 322 3808 -
347 3777 398 3825 aad
414 3777 629 3840 tronapreosum.
659 3778 854 3827 immittendum
866 3751 926 3826 'fnit
943 3777 1006 3842 sed,
1037 3774 1107 3835 qnod
1126 3783 1186 3820 curn
1204 3776 1248 3824 aet

185 3864 317 3924 scriptum
336 3867 412 3912 esset
427 3865 554 3929 antique,
572 3864 719 3915 hauserunt
735 3865 847 3916 lttteraa
861 3865 1059 3914 conterminae.

255 3949 300 4000 47.
336 3950 491 4016 apmr'nibar
508 3953 560 4004 Ka·
575 3954 652 4002 codd.
671 3953 800 4003 sotoeoe:
826 3954 856 4004 in
875 3965 947 4018 epm.
965 3973 1000 3984 -
1019 3951 1094 3999 auos
1111 3959 1162 4011 pro
1185 3952 1247 4002 alta

186 4023 229 4102 ἰὴ
245 4053 309 4102 nos,
325 4041 570 4092 ¹homoeoteleuton
586 4043 739 4107 fugientes,
769 4045 890 4092 dedimus
900 4037 1059 4100 justissime
1072 4047 1127 4100 *pro
1141 4036 1245 4102 justis-

188 4124 279 4178 simus.
303 4155 338 4164 —-
365 4131 632 4182 ec-coloacrorrtic
651 4133 739 4194 bipart
755 4129 823 4180 teltx
841 4126 1002 4176 amandatio·
1021 4127 1114 4176 codd:
1133 4141 1170 4180 ao
1188 4129 1244 4180 ino.

187 4214 302 4273 donnae
320 4219 450 4270 comiaco
467 4221 525 4270 cot.
543 4245 577 4255 -
597 4217 709 4284 trratttr',
729 4217 789 4268 etat.
808 4218 876 4267 bas-z
899 4213 1044 4266 annotator.
1063 4217 1147 4281 vulgo
1166 4219 1243 4268 aad:

188 4301 301 4367 inutili,
319 4301 415 4372 facto,
431 4315 543 4367 prorsus
562 4303 688 4368 neglecta
705 4331 719 4343 -
730 4308 773 4354 ter
792 4302 909 4364 syllaba.
