2998 4896
635 365 737 444 urse.
764 391 799 441 u.
826 393 851 441 1.
1225 367 1271 442 ll

211 549 273 602 tem
294 539 437 603 iortrrnae
470 535 591 598 Metelli
618 551 798 615 eorupares:
826 531 898 597 narn
924 545 1049 617 praeter
1076 538 1273 602 exeolleutes

209 640 400 720 triumphus,
435 639 636 716 honoresque
664 635 896 720 amplissimos,
928 646 961 700 et
986 638 1157 720 principale
1185 638 1218 702 in
1235 657 1272 702 ro

205 743 330 822 publiea
351 739 528 818 fastigium,
550 743 771 819 extentumque
800 738 886 801 vitae
911 739 1066 820 spatium,
1095 757 1157 802 nee
1179 757 1274 804 nores

115 888 116 892 ,
207 844 458 919 innocentesque
485 857 541 918 pro
566 855 601 896 ro
630 837 755 917 publiea
787 859 859 902 oum
881 840 1016 904 inimicis
1045 841 1273 930 eontentiones,

209 953 341 1026 quatuor
364 938 446 999 lilios
469 938 618 1021 sustulit,
636 957 747 1000 omnes
770 941 896 1004 adultae
912 945 1026 1006 aetatis
1047 942 1141 1025 sidit,
1161 961 1273 1008 omues

209 1041 335 1122 reliquit
351 1040 539 1120 superstites
563 1048 594 1100 et
618 1039 905 1103 honoratissimos..
927 1045 1045 1106 Mortui
1067 1045 1138 1106 eius
1156 1046 1273 1108 lentum

209 1163 267 1226 pro
295 1141 406 1204 rostris
435 1141 626 1202 sustulerunt
656 1147 787 1221 quatuor
816 1140 885 1220 filii3
924 1161 1007 1205 uuus
1035 1146 1212 1208 eonsularis
1240 1155 1274 1209 et

212 1242 395 1322 eensorins3
425 1241 502 1303 alter
520 1240 709 1322 eonsularis3
729 1240 840 1303 tertius
860 1243 988 1322 eonsul;
1010 1253 1138 1324 quartus
1160 1245 1272 1308 mndi-

210 1345 302 1406 datus
329 1344 526 1420 oonsulutus,
557 1360 651 1424 quem
673 1342 822 1405 honorem
850 1341 985 1423 adeptus
1015 1352 1076 1406 est.
1123 1345 1196 1407 lloe
1222 1353 1273 1408 est

210 1447 351 1508 nimirum
368 1445 471 1526 magis
490 1444 625 1506 felioiter
649 1443 690 1504 do
708 1444 775 1505 vita
794 1444 932 1526 migrare
953 1463 1046 1527 qnam
1066 1445 1155 1508 mori.

286 1546 444 1608 Universa
465 1544 596 1630 deinde,
621 1554 655 1606 nt
676 1544 907 1630 praediximus,
934 1545 1083 1609 instinctu
1103 1546 1322 1615 inbellum12
1386 1573 1397 1632 j

172 1648 350 1732 ,thaia,
386 1648 477 1710 ouius
505 1663 579 1727 pars
601 1660 718 1728 magna
750 1645 894 1708 eiusdem
921 1647 1044 1736 hletelli
1068 1649 1270 1712 Maoedoniui

207 1751 323 1812 virtute
348 1749 505 1829 armisque
528 1747 627 1808 fraota
653 1755 736 1830 erat,
765 1748 901 1808 maxime
921 1746 1091 1808 Corinthiis
1120 1749 1151 1809 in
1174 1767 1271 1832 mma

210 1866 284 1912 oum
302 1848 453 1932 gravibus
473 1848 567 1908 etiam
586 1849 618 1909 iu
637 1846 800 1909 Romanos
813 1848 1020 1934 contumeliis,
1039 1849 1271 1932 instigantibus,

208 1950 382 2012 destinatus
402 1949 432 2012 ei
453 1949 534 2011 bello
556 1947 698 2030 gerendo
725 1948 803 2011 Cos.
823 1949 1004 2012 Mummius.
1042 1951 1084 2012 llt
1107 1950 1168 2014 sub
1187 1950 1271 2015 idem

208 2060 347 2134 tempus,
365 2052 487 2132 magis,
507 2051 580 2132 quie
600 2050 749 2112 volebant
768 2047 923 2135 Romani,
949 2051 1098 2132 quidquid
1120 2051 1163 2115 ele
1186 2051 1271 2116 Gar-

153 2205 155 2208 .
209 2153 448 2234 tlraginensibus
478 2151 656 2228 dioebutur‚
693 2151 864 2238 eredere,
884 2143 975 2234 quam
1010 2153 1083 2235 quia
1108 2152 1271 2216 eredendo

209 2253 433 2339 afferebantur,
462 2256 568 2318 statuit
596 2265 727 2319 senatus
758 2255 982 2338 Carthaginem
1013 2253 1175 2318 excidere.
1223 2255 1271 2317 lta

207 2355 319 2418 eodem
341 2364 481 2437 tempore
506 2357 542 2418 P.
564 2355 673 2438 Seipio
688 2356 906 2438 Aemilianus,
933 2356 983 2418 vir
1002 2356 1097 2418 evitis
1122 2357 1159 2420 Ρ.
1178 2355 1270 2417 Airi-

206 2457 278 2517 oanl
306 2458 508 2538 paternisque
537 2458 576 2518 Ιι.
595 2459 684 2520 Pauli
698 2457 865 2520 virtutibus
887 2455 1076 2542 simillimus,
1109 2453 1270 2536 [omnibns

205 2556 278 2618 hetti
301 2568 340 2617 ao
360 2567 455 2638 togae
474 2557 596 2619 dotibus
604 2559 630 2644 ,]
659 2559 843 2640 ingeniique
863 2575 905 2620 ae
929 2557 1101 2622 studiorum
1123 2559 1269 2622 eminen-

205 2658 347 2722 tissimus
372 2653 473 2720 seculi
502 2659 569 2742 sui,
602 2659 656 2741 qui
684 2659 758 2721 nihil
786 2660 819 2721 in
846 2660 911 2722 vita
931 2660 990 2721 nisi
1010 2659 1197 2722 laudandum
1216 2670 1270 2726 aut

204 2758 290 2839 feeit,
310 2769 363 2822 aut
375 2760 454 2823 dixit
469 2777 508 2824 ao
528 2761 647 2842 sensit,
667 2780 778 2847 quem,
797 2762 896 2824 Paulo
914 2762 1071 2842 geuitum,
1089 2761 1269 2842 adoptatum

204 2880 225 2923 a
243 2845 410 2946 Soipione,
428 2862 571 2925 Airieani
590 2862 668 2944 tilio,
689 2863 841 2946 diximus,
860 2862 1048 2924 aedilitatem
1060 2871 1175 2942 petens
1190 2863 1267 2927 (los.
1307 2919 1313 2924 .

205 2972 332 3025 oreatus
349 2972 408 3024 est
448 2969 482 3022 lo
501 2963 614 3024 bellum
625 2962 817 3044 Carthagini,
837 2963 899 3023 iam
918 2971 991 3023 ante
1010 2961 1167 3025 biennium
1179 2965 1269 3044 prio-
1381 2963 1383 2971 ’

203 3063 290 3124 ribus
309 3061 405 3126 Coss.
422 3063 554 3146 illatum,
573 3064 691 3124 maiore
710 3064 743 3124 vi
763 3063 891 3146 impulit,
912 3080 983 3124 oum
1003 3071 1075 3125 ante
1093 3064 1127 3126 in
1145 3065 1267 3148 Hispa-

204 3165 256 3226 nia
274 3165 384 3226 murali
403 3181 536 3248 eoroua,
565 3164 597 3226 in
615 3163 727 3226 Africa
745 3161 929 3225 obsidionali
949 3163 1081 3226 donatus
1102 3176 1206 3249 esset,
1235 3169 1268 3230 in

206 3263 360 3346 Hispania
375 3265 575 3343 vernolium,
595 3282 637 3327 ex
649 3265 884 3348 provoeatione,
906 3265 976 3346 ipse
992 3265 1135 3330 modious
1154 3270 1266 3332 virium

206 3365 349 3426 immanis
368 3366 592 3448 magnitudinis
606 3367 729 3429 hostem
747 3367 974 3447 interemisset3
994 3386 1128 3452 eamque
1147 3371 1266 3450 urbem,

206 3465 310 3546 magis
330 3465 456 3528 dividuo
475 3468 605 3549 imperio
625 3484 718 3549 qnam
736 3468 799 3530 ulla
825 3467 895 3529 eius
923 3471 1072 3552 temporis
1100 3472 1194 3533 noxia
1213 3468 1266 3530 in-

206 3566 310 3628 visam
337 3567 481 3630 Romano
509 3568 640 3652 nomini,
671 3568 811 3631 lirnditus
843 3573 983 3657 sustulit,
1016 3572 1154 3654 iecitque
1185 3586 1265 3632 suae

208 3792 318 3840 lentum
336 3802 406 3855 quoe
428 3791 559 3856 proemio
585 3791 651 3842 belli
672 3791 800 3856 Auserat.
827 3816 862 3830 ·-·
885 3796 975 3862 magis
990 3819 1026 3832 —
1045 3790 1155 3844 nomini
1182 3789 1262 3842 librlr

207 3878 299 3944 magis
316 3879 423 3930 invidio
439 3879 549 3944 imperii
565 3895 590 3946 q.
609 3881 694 3933 ellim
711 3877 771 3942 ejus
789 3885 809 3933 t.
826 3883 930 3935 nomiae
945 3883 1001 3933 inu.
1018 3881 1053 3930 R
1073 3893 1099 3928 n.
1119 3880 1261 3943 Gruterus,

206 3969 358 4018 Bormamro
376 3971 405 4018 et
422 3969 584 4018 Ruhnkeuio
601 3969 829 4034 suffragantibus:
848 3974 909 4022 ulla
926 3984 949 4020 e.
968 3971 988 4018 t.
1006 3977 1099 4028 nouae
1126 3969 1174 4017 sed
1192 3971 1262 4019 bene

205 4055 287 4106 hahet
303 4057 406 4124 noreio,
436 4058 544 4110 invidio
564 4058 683 4111 invisum
701 4073 757 4111 uon
783 4066 827 4110 est
843 4059 993 4108 ferendum.
1021 4079 1057 4092 --
1082 4053 1209 4106 001011.
1227 4059 1260 4107 Β.

206 4141 348 4196 dcxcvi.
366 4170 401 4183 -
429 4160 515 4213 neque
535 4149 601 4198 oure
617 4172 653 4185 -
669 4160 835 4216 quaereres.
855 4147 930 4206 eod,
957 4155 1053 4194 manea
1074 4148 1155 4209 atque
1173 4146 1262 4195 inele-
1339 4169 1341 4172 ·

195 4235 282 4302 ¹genti
297 4236 438 4284 oratioue:
468 4247 553 4302 neque
579 4240 645 4288 onte
661 4238 779 4288 inuisum
796 4245 856 4284 esre
873 4231 976 4286 munit
994 4245 1077 4298 qaam
1094 4217 1153 4285 esre
1168 4232 1260 4287 desiit.

206 4321 308 4370 frustra
319 4323 407 4384 luipo:
425 4337 452 4373 a.
471 4338 497 4373 a.
514 4324 608 4375 ineisa
625 4338 648 4373 e.
665 4322 747 4374 desiit
764 4334 789 4384 q.
807 4335 830 4371 e.
848 4323 891 4388 d,
909 4319 1130 4386 quaslcartlmgo
1141 4325 1260 4375 momn-
