2990 4894
270 344 317 419 ⁹2
718 373 881 428 vacuam

215 522 259 589 88
339 515 428 578 'num
460 516 596 580 nltimam
630 517 712 580 bello
737 519 872 582 Actiaco
900 520 1179 605 Alexandriaeque
1209 529 1339 594 'Caesar

265 616 395 696 imponit
413 634 555 703 manum,
581 618 628 680 Μ.
652 619 815 705 lepidus,
845 621 977 701 juvenis
997 621 1095 685 formu
1114 642 1208 706 qnam
1229 641 1338 696 mente

265 717 391 802 melior,
410 719 523 800 hepidi
543 719 635 804 ejus,
665 721 719 803 qui
738 721 881 782 miumvir
900 719 1002 784 luerat
1023 722 1229 805 reipublicae
1250 749 1335 792 con·-

265 818 578 903 stitnondae,.filius,
598 820 713 904 Juuiu,
731 822 820 884 Bruti
839 839 967 908 sorore,
987 833 1098 906 natus,
1117 826 1333 914 interlioiendi,

265 919 359 982 simul
377 921 409 982 in
429 921 537 982 urbem
550 921 755 1005 revertisset,
770 921 928 984 ¹(laesuris
947 924 1082 986 consilia
1097 925 1217 989 inierat.
1241 930 1332 994 'lunc

265 1019 351 1090 urbis
378 1019 533 1087 custodiis
558 1023 759 1102 praepositus
785 1021 823 1085 Ο.
855 1022 1048 1104 Maecenas,
1084 1031 1243 1113 equestri,
1272 1031 1331 1096 scd

265 1119 451 1207 splendido,
483 1139 605 1203 genere
633 1130 740 1203 natus3
770 1123 841 1199 vir,
866 1123 917 1186 ubi
943 1143 997 1190 ras
1016 1126 1157 1208 vigiliam
1177 1130 1332 1214 exigeret,

265 1238 345 1283 sane
358 1223 543 1307 exsomnis,
562 1223 734 1305 providens
754 1233 848 1306 atque
869 1224 986 1306 agendi
1001 1227 1127 1308 scieus3
1148 1229 1241 1294 simul
1256 1251 1333 1304 vero

264 1322 381 1405 aliquid
401 1341 444 1386 ex
463 1325 592 1404 negotio
617 1324 731 1386 remitti
754 1335 882 1408 posset,
912 1327 974 1390 otio
1001 1345 1043 1390 ac
1067 1330 1204 1394 mollitiis
1227 1350 1333 1411 paene

265 1427 345 1487 ultra
365 1425 512 1487 laminam
539 1425 661 1506 trusum
694 1443 758 1489 nou
776 1427 880 1490 minus
907 1428 1052 1511 Agrippa
1072 1430 1207 1494 Caesari
1227 1451 1334 1520 carus,

266 1525 326 1588 sed
344 1526 448 1588 minue
468 1525 639 1590 honoratus
657 1529 791 1610 (quippe
804 1530 885 1592 vixit
903 1531 1031 1612 angusti
1051 1533 1133 1595 clavi
1147 1533 1235 1614 pede
1251 1553 1333 1598 con-

265 1635 388 1712 tentus,
420 1646 482 1691 uec
500 1629 621 1692 minora
640 1631 794 1712 consequi
812 1632 928 1715 potuit,
957 1633 1017 1695 sed
1036 1653 1098 1697 non
1119 1645 1181 1698 tam
1206 1653 1331 1698 concu-

264 1728 375 1808 pivit);
402 1727 471 1814 hic,
491 1732 675 1813 speculatus
693 1751 751 1813 per
765 1751 918 1796 summam
933 1734 1070 1816 quictem
1089 1753 1129 1798 ao
1148 1735 1331 1806 dissimulas

264 1831 381 1893 tionem
399 1829 582 1912 praecipitis
600 1832 734 1896 consilia
749 1833 896 1920 juvenis,
915 1835 992 1898 mira
1011 1838 1172 1900 celeritate
1186 1837 1331 1920 nullaque

265 1951 338 1996 oum
359 1933 590 2013 perturbatione
619 1946 673 1998 aut
694 1955 798 1999 rerum
820 1946 874 1998 ant
897 1936 1055 1999 hominum
1083 1956 1239 2019 oppresso
1262 1939 1332 2000 Ire·

264 2033 338 2114 prro
356 2035 490 2098 immane
512 2034 602 2115 [novi
635 2036 690 2113 ae]
710 2020 919 2105 resurrecturi
948 2039 1021 2103 narn
1048 2039 1153 2102 civilis
1185 2039 1332 2108 usnam

265 2135 460 2219 inccndinm3
482 2145 514 2200 ct
533 2137 583 2199 ille
607 2135 733 2217 quidem
751 2138 833 2199 male
852 2141 1065 2204 consultorum
1084 2159 1205 2222 poenos
1219 2142 1331 2204 exsol-

264 2236 321 2301 vit.
373 2239 537 2321 Aequamr
571 2235 751 2318 praedictae
773 2235 839 2317 jam
868 2237 997 2302 Antistii
1030 2244 1184 2325 Servilia,
1217 2242 1332 2325 Lepidi

161 2399 166 2410 Χ
265 2355 363 2423 uxor,
384 2358 482 2423 quae,
500 2338 577 2412 tivo
595 2338 663 2421 igni
680 2336 848 2421 devorato,
867 2347 1065 2420 praematura
1084 2349 1184 2402 morte
1200 2341 1332 2412 immor-,-

264 2443 365 2506 talem
378 2440 512 2504 nominis
532 2440 582 2502 sni
605 2439 751 2521 pensavit
773 2439 965 2503 memoriam.
1077 2468 1079 2478 v

105 2613 108 2626 ‚
214 2551 256 2616 89
343 2542 466 2604 Caesar
481 2550 605 2628 autem,
629 2559 783 2605 reversus
806 2543 839 2605 iu
859 2541 978 2605 Italiam
999 2549 1095 2626 atque
1116 2542 1239 2622 urbem,
1268 2559 1331 2625 qno

265 2655 419 2725 occursu,
441 2660 503 2724 quo
523 2642 637 2706 'lavore
659 2644 795 2706 omnium
817 2637 992 2726 hominnm,
1011 2644 1170 2724 aetatium,
1189 2643 1330 2720 ordinum

264 2751 420 2824 exceptus
440 2743 501 2826 ait,
536 2761 618 2826 quae
638 2745 873 2827 magnificentia
890 2745 1113 2825 triumphorum
1134 2744 1220 2826 ejus,
1247 2763 1330 2824 quae

260 2845 357 2913 *luerit
378 2865 556 2928 munerum,
577 2865 618 2908 ue
640 2846 672 2908 in
691 2846 799 2926 operis
810 2845 941 2927 quidm
956 2845 1035 2926 justi
1049 2845 1195 2930 materia,
1213 2844 1330 2908 nedum
1362 2835 1366 2844 Χ

264 2947 358 3030 hujus
374 2956 438 3014 tan
454 2948 566 3032 recisi,
586 2947 682 3031 digne
702 2946 836 3028 exprimi
853 2953 968 3027 potest.
989 2945 1076 3008 Nihil
1089 2945 1203 3008 deinde
1222 2954 1329 3028 optare

262 3155 356 3216 perot.
373 3152 455 3204 libri:
473 3157 506 3206 nt
523 3155 652 3219 dedmol,
666 3154 745 3218 origo
763 3154 868 3206 fraudis
884 3166 903 3203 a
918 3167 939 3217 p
957 3155 986 3203 et
1004 3153 1023 3204 d
1049 3151 1204 3212 litterarum
1230 3151 1328 3207 simill-
1348 3175 1351 3194 r

265 3240 358 3289 tudine
380 3244 529 3302 repetenda
554 3244 610 3303 est,
637 3243 857 3308 quemadmodum
883 3245 951 3292 vett
969 3241 1034 3292 liori
1051 3254 1094 3302 ap.
1109 3240 1238 3290 Plautum
1257 3242 1329 3292 Men.

266 3327 296 3391 1,
314 3326 344 3389 2,
365 3327 406 3376 t:
434 3319 501 3393 quid
523 3329 628 3381 dotium
649 3331 696 3381 vel
724 3330 791 3397 qnid
808 3331 891 3380 detor
915 3341 966 3393 pro
982 3328 1048 3395 qnid
1062 3331 1158 3394 petam
1175 3332 1230 3378 etc.
1265 3329 1329 3380 nidi

265 3429 350 3481 nepos
367 3417 460 3479 pingui
475 3419 615 3467 Minerva:
634 3423 667 3471 ot
683 3419 802 3470 dederat
817 3417 926 3482 primur
944 3418 1024 3468 lieo.

335 3506 379 3556 88.
413 3507 491 3569 pede.
508 3505 526 3554 l.
546 3517 570 3554 e.
588 3507 864 3571 menolo‚.mensure.
899 3504 977 3556 libri:
994 3519 1080 3574 pene,
1098 3507 1220 3556 mutosis
1236 3507 1329 3557 verbis

266 3596 414 3658 simillium
442 3595 490 3656 qni
513 3595 576 3644 tons
593 3595 665 3644 haud
692 3597 824 3646 obscuros
851 3595 894 3644 est
920 3595 1139 3657 depravationis:
1164 3593 1243 3643 velut
1259 3594 1330 3656 apud

267 3685 324 3735 lul,
341 3675 489 3734 Phaedrum
501 3683 555 3733 tub.
577 3682 609 3746 7,
625 3679 671 3731 20.
683 3683 841 3733 ¹Dorvlllius
858 3683 954 3745 legere
972 3682 1025 3732 sibl
1040 3681 1117 3730 vlnus
1135 3685 1197 3731 erat
1210 3683 1269 3733 luet
1280 3691 1329 3742 pro

267 3774 348 3839 ticet,
367 3774 450 3837 quod,
469 3774 641 3834 perspectum
661 3782 678 3820 a
698 3771 850 3822 normanno
868 3765 1044 3834 conjectura,
1070 3774 1132 3831 post
1157 3771 1184 3818 tu
1203 3771 1262 3830 ipso
1280 3777 1328 3826 ees

267 3861 329 3911 rlice
346 3862 476 3924 scriptum
492 3859 601 3910 invenlt
617 3857 785 3923 Jannelllus,
802 3859 852 3908 scd
868 3859 925 3922 lta,
948 3859 1055 3922 opinor,
1075 3861 1108 3907 ut
1124 3859 1204 3920 apice
1222 3853 1330 3903 careret

154 3929 156 3934 ¹
265 3943 403 4012 illitera,
430 3959 507 4011 quam
525 3949 631 4009 apicem
648 3958 666 3995 a
682 3942 727 3992 to.
746 3944 841 3995 seculo
860 3948 924 4008 post
951 3943 1086 3994 cinnat.
1109 3944 1264 3994 adscribere
1274 3936 1330 3988 alii

269 4031 395 4085 solebant
413 4037 531 4101 librarii,
548 4036 597 4087 alli
614 4033 771 4098 negligere,
792 4033 864 4082 sient
879 4035 961 4082 autea
979 4032 1063 4082 morie
1080 4033 1141 4082 tuit
1158 4031 1195 4080 ct.
1210 4025 1275 4076 186.
1294 4051 1329 4060 -

266 4118 325 4171 x'raon
342 4123 416 4188 tum,
435 4137 514 4186 quum
532 4125 660 4186 Agrippa.
678 4143 713 4159 ·-
730 4120 824 4170 codd:
842 4119 1004 4183 speculatus
1020 4120 1063 4170 eet
1074 4120 1143 4168 -et
1158 4115 1240 4168 miro.
1263 4113 1330 4166 talia

240 4273 243 4278 Ι
267 4210 305 4257 de
322 4217 372 4257 suo
388 4207 484 4270 largiri
503 4212 596 4266 solent
611 4211 725 4262 librarii.
740 4231 775 4246 -
792 4208 857 4259 noui
871 4221 914 4261 nc.
932 4206 1121 4270 interpretatio
1139 4206 1217 4288 nouis
1232 4216 1330 4256 resar-

267 4295 385 4350 recture.
404 4307 455 4358 oc,
482 4300 555 4350 sicot
572 4300 636 4362 καὶ,
663 4302 691 4349 ln
707 4297 881 4363 glossematis
899 4300 1029 4362 usurpare
1046 4293 1136 4348 soleat
1153 4296 1187 4359 ii,
1216 4295 1260 4357 qui
1278 4293 1328 4344 ad·
