2998 4896
208 332 243 404 8»
628 421 632 429 Χ
657 351 817 402 venusii

209 499 293 562 intus
315 495 491 580 legionibus
504 495 624 557 heduis
640 496 693 566 aui
712 494 771 557 sui.
809 493 957 554 Libenter
978 491 1061 552 enim
1076 489 1135 573 iis,
1156 489 1211 571 qui
1229 489 1273 552 ito

209 597 425 682 prodiderunt,
444 594 657 679 accesserim,
679 613 751 657 cum
773 595 861 656 aliter
879 593 1002 654 firmare
1016 591 1126 654 urbem
1145 609 1271 677 novom,

210 710 273 763 tam
294 700 409 762 vicinis
433 696 621 760 Veientibus
642 695 774 778 aliisque
789 685 936 757 Etruscis
955 711 995 757 sc
1019 692 1165 776 Sabinis,
1200 709 1272 756 oum

210 800 324 863 imbelli
352 810 385 862 et
399 818 402 826 ’
415 800 561 881 pastorali
589 811 683 858 manu
711 795 769 858 vix
801 795 949 875 potuerit3
982 812 1159 876 quanquam
1186 812 1271 876 eam,

211 901 302 983 usylo
318 901 402 963 iacto
418 901 498 962 inter
513 899 593 961 duos
607 900 713 979 lucos,
727 897 823 958 auxit.
860 895 923 956 Hic
938 894 966 956 C
979 894 1123 957 homines
1140 895 1271 977 electos,

211 1002 447 1084 appellatosque
474 1001 605 1081 Patres,
635 1000 733 1060 instar
754 996 860 1058 habuit
878 995 999 1058 consilii
1017 995 1142 1077 publici.
1181 996 1274 1058 Hanc
1330 1035 1331 1040 κ

212 1102 366 1182 originem
380 1121 494 1164 nomen
511 1100 716 1163 Potriciorum
733 1097 835 1160 habet.
874 1096 963 1143 *it*
981 1096 1055 1159 Ne‘c
1071 1097 1271 1159 minusclu-

211 1221 266 1266 rus
284 1222 325 1264 ea
343 1212 530 1284 tempestate
552 1202 610 1264 fuit
625 1197 774 1262 Miltiadis
792 1197 874 1258 iilius
889 1197 1008 1262 Cimon.
1049 1196 1187 1276 [Raptus
1203 1199 1271 1259 vir-

212 1305 319 1386 ginum
339 1305 552 1384 Sabinarum}
572 1301 661 1347 *il*
739 1395 742 1403 Ι

231 1443 511 1529 [irriderentur
533 1455 655 1548 ferme
680 1461 946 1530 sescentorum
971 1475 1155 1526 aneorum
1179 1477 1252 1526 ree.

184 1599 202 1660 ll
286 1595 425 1674 (Perses
449 1594 562 1675 populo
587 1593 680 1656 Rom.
706 1595 850 1678 gravior,
869 1595 964 1676 uss)
995 1613 1087 1678 quam
1118 1596 1270 1680 timuerat,

211 1697 312 1760 bostis
335 1695 463 1776 expetit.
502 1695 586 1757 Nam
606 1695 730 1759 biennio
747 1697 826 1760 adeo
846 1698 935 1762 varia
947 1697 1069 1760 fortuna
1092 1717 1162 1760 euin
1176 1696 1270 1770 Coss.

213 1798 412 1881 conflixerat,
433 1806 466 1859 ut
482 1798 664 1878 plerumque
685 1798 828 1879 superior
847 1799 953 1883 fuerit,
972 1809 1272 1880 magnamque'par·
1296 1791 1298 1797 ’
1320 1790 1323 1796 ’

213 1909 275 1962 tem
291 1897 447 1961 Graeciae
466 1897 498 1958 in
514 1897 699 1959 societatem
721 1917 810 1961 suam
825 1901 1022 1980 perduceret.
1062 1896 1144 1976 Quin
1158 1897 1273 1963 Rhodii

212 2019 353 2084 quoque,
372 1997 545 2076 fidelissimi
566 2007 658 2060 anteo
675 1997 844 2081 Romanis,
863 2009 927 2064 timi
949 1998 1058 2077 [dubia
1075 1997 1172 2082 fide],
1193 2019 1272 2080 spe-

213 2101 306 2163 culati
331 2099 500 2181 fortunam,
521 2099 684 2180 proniores
703 2085 791 2189 regis
813 2100 952 2180 pertibus
971 2099 1072 2161 fuisse
1094 2099 1156 2160 visi
1182 2111 1272 2182 sunt,
1380 2101 1382 2106 ’
1405 2157 1409 2165 ,

110 2255 112 2265 ,
157 2199 165 2206 “
213 2209 245 2262 et
268 2218 326 2263 rex
348 2201 518 2283 Eumenes,
542 2201 574 2262 in
600 2221 640 2262 eo
667 2200 748 2263 bello
769 2199 892 2262 medius
916 2200 1001 2281 [furit]
1030 2200 1148 2286 animo,
1168 2218 1272 2282 neque

211 2301 316 2366 fratris
340 2301 452 2386 initiis,
482 2321 586 2384 neque
613 2315 691 2363 suae
717 2301 879 2382 respondit
913 2301 1140 2364 consuetudini.
1192 2301 1278 2363 'lum-

213 2404 351 2468 Senatus
367 2404 564 2486 populusque
581 2403 744 2466 Romanm
763 2385 801 2464 li.
820 2402 989 2464 Aemilium
1009 2402 1150 2487 Paiilmn,
1171 2403 1223 2486 qui
1243 2411 1276 2466 et

212 2512 337 2585 praetor
356 2513 389 2565 et
410 2505 520 2566 consul
543 2505 801 2591 triumphaverat,
829 2505 930 2568 virum
946 2505 979 2566 in
1002 2513 1118 2568 tantum
1139 2503 1273 2568 laudan·

214 2604 301 2690 dum,
322 2605 354 2666 in
375 2613 521 2686 quonium
541 2599 671 2686 intelllgi
687 2607 787 2669 virtus
810 2615 929 2692 potest,
955 2607 1118 2668 consulem
1136 2607 1273 2684 creavit3

214 2705 308 2793 lilium
329 2705 398 2767 eius
415 2704 520 2782 Pauli,
540 2705 593 2786 qui
609 2703 650 2765 ad
670 2705 797 2768 Cannas
818 2725 909 2787 quam
927 2707 1175 2788 tergiversanter
1194 2725 1271 2786 per·
1362 2745 1364 2750 -

214 2808 366 2869 niciosam
390 2804 436 2867 rei
462 2805 604 2886 publicae
629 2823 767 2886 pugnam
796 2805 921 2886 inierat,
946 2815 1010 2867 tam
1031 2804 1149 2868 fortiter
1174 2807 1206 2868 in
1233 2825 1272 2868 ea

214 2915 344 2969 mortem
368 2907 448 2970 obiit.
486 2907 519 2968 Is
540 2905 662 2968 Persen
688 2906 807 2988 ingenti
834 2906 951 2987 proelio
976 2907 1058 2987 apud
1083 2907 1191 2970 urbem
1209 2927 1271 2970 no-

214 3009 296 3069 mine
326 3008 468 3090 Pydnam
502 3008 533 3070 in
565 3006 754 3072 Macedonis
783 3006 887 3070 fusum
925 3006 1127 3092 fugatumque
1158 3009 1270 3072 castris

215 3109 318 3195 exuit,
339 3108 514 3191 deletisque
532 3109 602 3171 eius
622 3108 722 3190 copiis
744 3107 922 3171 destitutum
942 3110 1024 3172 omni
1045 3127 1105 3191 spe
1129 3108 1234 3188 coegit
1253 3127 1273 3168 e

174 3225 177 3231 ’
216 3209 404 3272 Macedonia
417 3209 595 3290 profugere3
617 3228 709 3290 qnam
723 3210 774 3271 ille
797 3210 940 3291 linquens
956 3211 989 3272 in
1006 3211 1138 3271 insulam
1155 3210 1272 3272 Samo·

214 3311 364 3373 thracium
381 3311 528 3396 perfugit,
546 3311 715 3392 templique
732 3295 929 3392 sereligioni
942 3309 1115 3391 supplicem
1130 3310 1270 3374 credidit.

217 3566 346 3626 corrupta
354 3563 414 3612 visa
423 3563 570 3632 corrigere.
585 3565 788 3626 quoeqnamvis
794 3575 877 3625 saepo
886 3562 1075 3626 ballucinctos,
1084 3564 1267 3626 tamenmagis

217 3651 478 3714 praesensiones,
497 3652 541 3713 qui
552 3653 656 3713 scripta
665 3654 770 3716 vetere,
788 3653 860 3701 sicut
877 3663 910 3700 ca
925 3651 1064 3715 invenere,
1082 3651 1204 3714 vulgant,
1216 3663 1269 3700 neo

218 3737 360 3798 quidquam
377 3740 496 3790 tribuunt
513 3739 626 3792 criticam
643 3735 825 3802 conjecturae.
862 3735 965 3801 Quodsi
990 3741 1062 3788 omni
1086 3742 1208 3800 tempore
1230 3738 1271 3787 itu

220 3825 392 3882 torpuissent
404 3827 516 3889 eruditi,
541 3839 593 3886 qno
610 3825 674 3875 loco
699 3829 773 3876 esset
795 3827 874 3876 bodie
892 3818 1068 3877 litteratura?
1098 3850 1134 3863 -
1158 3825 1271 3878 Latmia
1313 3855 1318 3868 .

220 3910 320 3972 primus
336 3913 454 3975 Lipsius.
470 3914 554 3964 liber:
582 3913 686 3965 Latini.
704 3939 739 3948 —-
762 3915 823 3968 Nee
839 3915 928 3966 mines
946 3939 981 3952 -
999 3914 1103 3966 Cimon.
1140 3915 1270 3964 Servavit

118 4067 119 4072 ἵ
220 3999 287 4046 boec
303 3997 457 4054 Priscianus
472 4004 543 4054 libro
560 4003 603 4067 6.,
623 4003 675 4052 eoi.
697 4002 762 4052 706.
782 4003 824 4054 ed.
842 4005 948 4055 iunci.

290 4085 316 4134 ii.
351 4081 423 4128 *Η
441 4093 583 4155 supplevit
599 4093 714 4155 Lipsius.
749 4094 841 4142 idem:
867 4092 978 4144 asstitit
997 4106 1046 4156 pro
1064 4093 1178 4157 empettt.
1215 4091 1270 4141 Seii
1315 4078 1319 4086 ’

222 4175 376 4238 videndum,
401 4186 437 4224 an
452 4189 523 4230 nove
540 4183 585 4231 iiic
601 4183 694 4232 noster
710 4183 822 4232 verbum
839 4184 969 4245 adpetere
990 4193 1073 4232 semu
1094 4183 1271 4244 contingendi

222 4266 250 4314 in
264 4275 380 4327 persona
398 4271 579 4326 usurpaverit.
595 4287 629 4308 ι-
644 4269 746 4333 [dubie
760 4267 994 4336 pergressus
1013 4293 1047 4308 ·-
1065 4267 1270 4340 [seitjmerito
1368 4281 1372 4294 ·
