2990 4894
237 333 307 410 tue
684 356 848 410 vanuum

236 521 304 566 rum
324 518 449 584 magna,
469 518 530 577 nep
550 501 795 581 vituperaturnm
814 500 984 564 mediocris
1010 504 1139 564 materia
1165 503 1303 579 deliciet.

236 603 316 666 Cum
336 619 416 684 rege
428 601 611 664 Parthorum
627 601 1014 683 juvenisexcelsissimus
1030 603 1184 683 ininsula,
1205 623 1301 688 quarn

235 704 336 766 amnis
350 703 529 785 Euphrates
542 702 706 786 ambiebat,
726 711 864 783 aequato
875 703 1037 784 utriusque
1050 705 1145 785 partis
1158 723 1299 791 numero,

232 805 317 868 coiit.
357 802 450 882 Quod
469 803 685 885 spectaculum
705 805 827 882 stantis,
848 821 890 865 ex
910 803 1050 890 divorso,
1070 805 1144 870 hinc
1156 805 1297 898 Romani,

232 907 316 970 illino
335 906 519 969 Parthorum
537 905 708 988 exercitus,
728 922 800 970 cum
817 905 878 969 duo
898 905 978 968 inter
997 924 1036 968 se
1055 908 1296 980 eminentissima
1330 985 1333 990 Ι

232 1008 430 1090 imperiorum
452 1015 483 1069 et
503 1007 660 1068 hominum
680 1007 800 1069 coirent
819 1005 941 1090 capita,
960 1024 1111 1088 perquam
1132 1009 1248 1072 clarum
1265 1019 1296 1072 et

231 1107 449 1194 memorabile,
471 1107 529 1170 sub
550 1109 635 1171 initia
659 1106 883 1188 stipendiorum
904 1123 1060 1191 meorum,
1078 1108 1202 1172 tribuno
1217 1111 1298 1172 mhi·-

231 1219 296 1290 tppp
314 1210 390 1272 mihi
408 1210 517 1272 visere
540 1209 680 1291 contigit.
723 1206 974 1285 Quem-militiae
995 1209 1127 1306 gradum
1147 1220 1220 1273 ante
1241 1211 1300 1274 suh

231 1320 319 1394 patre
351 1320 421 1397 tuo,
454 1313 500 1373 M.
526 1310 649 1393 Vinici,
681 1317 714 1371 et
738 1309 775 1370 P.
796 1309 874 1371 Silio
907 1311 1089 1390 auspicatus
1115 1311 1146 1372 iu
1165 1313 1300 1380 Thracia

231 1411 504 1492 Macedoniaque,
525 1427 599 1470 mox
617 1408 743 1490 Achsja
755 1409 898 1492 Asiaque
914 1419 947 1472 et
969 1411 1111 1474 omnibus
1130 1411 1298 1475 adorien-

231 1522 294 1574 tem
314 1528 431 1572 versus
449 1509 637 1595 provinciis,
658 1519 689 1572 et
710 1529 765 1572 ore
786 1519 881 1591 atque
905 1520 1038 1594 utroque
1058 1513 1153 1580 maris
1175 1513 1298 1576 Pontici

129 1653 139 1665 „
231 1613 347 1694 latere,
373 1611 455 1672 haud
475 1609 643 1691 injucunda
665 1619 709 1673 tot
730 1629 852 1696 rerum,
872 1613 1030 1696 locorum,
1057 1614 1212 1696 gentium,
1240 1632 1297 1692 ury-

232 1713 316 1775 bium
335 1711 552 1788 recordatione
571 1711 723 1793 perimor.
762 1712 852 1775 Prior
870 1713 1005 1776 Parthus
1033 1714 1116 1795 apud
1132 1713 1242 1795 Cajnin
1263 1714 1295 1777 in

233 1824 340 1882 nostra
353 1814 429 1900 ripa,
449 1813 603 1894 posterior
621 1813 672 1875 hic
689 1813 770 1894 apud
787 1832 898 1894 regem
912 1815 943 1876 iu
958 1815 1062 1877 hostili
1078 1817 1221 1897 epulatus
1236 1823 1295 1890 est,

163 1906 225 1986 102
309 1911 379 1992 Quo
399 1923 539 1994 tempore
561 1914 607 1992 M.
623 1914 727 1994 nollit,
750 1933 849 1996 quem
870 1916 967 1978 veluti
992 1917 1220 1992 moderatorem
1239 1917 1296 1995 ju·-

234 2023 351 2076 ventae
371 2014 425 2076 lilii
445 2015 494 2076 sui
519 2015 687 2096 Augustus
707 2032 783 2076 esse
799 2013 957 2100 voluerat,
982 2015 1118 2098 [perfida
1136 2017 1184 2098 et]
1204 2018 1298 2098 plena

233 2114 355 2178 subdoli
385 2133 423 2178 ac
452 2115 573 2177 vorsuti
602 2115 694 2176 animi
721 2116 869 2199 consilia,
905 2138 963 2198 per
987 2118 1135 2182 Parthum
1161 2118 1297 2182 iudicata

233 2216 381 2302 Caesari,
401 2216 484 2291 lama
502 2217 664 2297 vulgavit3
686 2215 779 2294 cujus
799 2213 884 2290 mors
903 2219 984 2280 intra
1004 2238 1125 2299 paucos
1144 2219 1214 2286 dies
1228 2220 1296 2282 lor·

231 2319 307 2394 tuito
329 2336 368 2396 an
388 2317 562 2394 voluntaria
580 2316 693 2400 inerit,
713 2317 834 2400 ignoro.
874 2317 941 2380 Sed
960 2336 1054 2399 quam
1070 2321 1154 2385 huuc
1176 2318 1296 2380 decess.

153 2489 172 2504 Ι,
231 2419 318 2482 sisse
341 2419 446 2498 laetati
464 2419 625 2497 homines,
646 2426 707 2484 tem
727 2420 820 2498 paulo
840 2427 927 2504 post,
947 2417 1065 2488 obiisse
1086 2417 1295 2492 Censorinum

232 2581 462 2594 *—

230 2683 328 2734 modo:
346 2683 422 2734 velut
439 2686 508 2746 apud
527 2686 676 2734 Plrnedrum
694 2687 728 2748 3,
747 2684 795 2749 17,
815 2688 833 2734 8
855 2689 926 2750 qnae
943 2688 1043 2735 abiisse
1062 2687 1170 2734 videtur
1188 2685 1214 2733 in
1232 2699 1292 2751 que,

231 2773 297 2837 cut,
324 2784 375 2821 ore.
393 2771 470 2820 codd.
487 2774 592 2835 quidem
621 2773 685 2822 loeo
715 2773 780 2822 illo:
810 2773 850 2823 At
867 2773 1038 2838 mehercule,
1063 2771 1195 2822 narrabit
1219 2763 1292 2836 qood

231 2857 292 2924 qais
315 2859 451 2926 uoluerit,
478 2872 531 2927 pec
555 2862 674 2910 iudicata
699 2871 829 2924 persono,
855 2871 924 2920 quae
943 2859 1079 2920 loquitur;
1106 2869 1156 2907 nec
1179 2859 1291 2908 terenda
1377 2923 1381 2928 ι

231 2949 347 3012 femina,
366 2951 488 3011 quamvis
503 2951 569 3011 dea,
589 2960 638 3011 per
653 2948 801 3000 ¹Herculem
810 2942 922 3010 jurante
928 2961 938 3010 3
954 2949 1074 2996 numeris
1088 2951 1178 2997 autem
1193 2945 1291 3009 nullis;

231 3035 327 3097 quibus
345 3043 537 3088 succurrentes
560 3034 609 3087 alii
638 3038 693 3088 alia
720 3037 863 3086 commenti
881 3038 959 3100 ruut3
986 3037 1035 3085 sed
1060 3037 1112 3085 tuit
1129 3035 1213 3100 haec,
1239 3036 1292 3094 nisi

230 3119 330 3184 fallor,
348 3136 442 3175 manus
460 3127 572 3189 politae:
592 3127 637 3178 Ad
656 3140 726 3192 price
743 3126 872 3191 Erymna:
891 3121 1035 3175 Narrabit
1050 3128 1101 3174 etc.
1119 3125 1191 3173 Note
1202 3123 1293 3184 Pallas

227 3205 371 3280 Ἐργάνη,
398 3214 442 3260 cui
466 3218 555 3263 tamen
584 3215 666 3265 facile
690 3217 826 3264 notiorem
851 3215 903 3264 sihi
931 3212 1079 3262 Herculem
1105 3213 1295 3262 substituerint

228 3297 346 3352 librarii.
381 3297 436 3346 Vel
460 3303 592 3363 seriptum
616 3305 689 3352 forte
714 3305 861 3369 herpone,
888 3303 1065 3364 hperperom
1092 3301 1198 3364 addito,
1222 3301 1295 3350 sicut

231 3388 347 3453 passim,
362 3386 448 3452 magis
467 3391 605 3449 magisque
623 3393 799 3452 depravatum
811 3393 937 3453 moriae
957 3393 985 3439 et
1003 3398 1036 3454 g,
1054 3402 1072 3438 a
1091 3393 1119 3438 et
1137 3401 1162 3452 u,
1180 3390 1295 3452 denique

230 3461 288 3529 let
306 3487 337 3544 p,
357 3473 458 3524 litteris
479 3477 615 3535 confusis,
645 3480 679 3540 ric
706 3481 801 3541 quibus
820 3457 925 3529 mendis
951 3490 1012 3528 cum
1034 3477 1083 3536 alii
1106 3479 1214 3542 dixere,
1238 3482 1294 3528 tum

231 3580 283 3617 nos
300 3567 334 3614 ad
352 3563 489 3624 Plautum,
506 3562 639 3613 Naevium
658 3567 781 3630 incingi
799 3568 833 3616 tr.
853 3567 879 3615 9.
905 3569 933 3616 in
959 3566 1069 3616 Emend.
1095 3561 1244 3624 Maianis,
1264 3569 1293 3616 et

231 3655 310 3718 alias.
328 3677 364 3689 -
378 3650 491 3715 jacente
509 3650 721 3703 excelsissimos.
742 3657 781 3704 itu
799 3657 915 3718 Lipsius.
927 3655 1072 3704 Rhenanus
1091 3653 1177 3706 male:
1190 3649 1294 3714 juvene

232 3741 439 3802 excelsissimae
457 3740 574 3791 insulae.
606 3739 647 3786 eri.
668 3741 763 3805 hasii:
789 3739 894 3803 jreoene
912 3753 1042 3800 eto-mo
1059 3740 1089 3792 in
1116 3741 1218 3792 insuta.
1244 3739 1291 3788 sed

184 3867 188 3879 .
233 3832 392 3882 Phrairatem
410 3830 545 3878 seniorem
562 3826 615 3875 isto
634 3829 755 3886 tempore
767 3831 834 3879 dicit
845 3831 927 3893 Veli,
947 3824 1043 3892 Citium
1056 3843 1124 3882 vero
1142 3835 1290 3894 „summum

230 3914 391 3986 juveurrm‚'’
410 3918 439 3966 ut
457 3918 497 3966 ait
513 3916 637 3980 Lipsius,
665 3915 717 3976 „et
743 3916 777 3962 aa
795 3929 870 3977 spem
886 3919 993 3980 imperii
1015 3920 1050 3968 ab
1067 3920 1190 3980 Augusto
1207 3911 1291 3964 iestis

232 3993 348 4058 natum.”
377 4031 411 4040 -
443 4007 481 4057 cd
499 4003 638 4056 Orientem
654 4014 760 4054 cereres.
786 4003 827 4052 sic
844 4006 909 4054 item
927 4006 1015 4068 Lips.;
1042 4016 1093 4053 neo
1109 4003 1182 4052 aliud
1201 3997 1291 4048 voluit

236 4099 333 4160 Rham,
353 4107 411 4146 cum
431 4107 480 4158 pro
499 4097 628 4156 corrupto
648 4090 730 4158 uisis,
750 4092 819 4151 quod
839 4095 985 4143 ostendunt
1002 4093 1094 4153 codd,
1112 4089 1194 4138 scribi
1206 4081 1290 4148 jussit

238 4181 315 4252 dens,
333 4185 377 4236 vel
395 4181 478 4249 o'sne,
496 4195 548 4234 non
567 4197 641 4243 ιιιιιι,
660 4181 728 4244 quoti
747 4179 908 4229 testinantes
927 4177 986 4245 ejus
1005 4191 1104 4243 operae
1123 4174 1291 4236 excuderunt

241 4275 435 4348 {notatissimum
457 4285 490 4321 ex
508 4269 801 4345 n'suenntumoeisnr,
820 4279 882 4318 mox
902 4268 976 4332 rrieis.
1046 4313 1049 4320 ,
