2998 4896
234 313 281 388 48
475 311 479 320 ’
687 335 849 386 VELLEJI

234 481 413 560 altissimis,
444 477 635 542 illuminavit.
687 480 750 540 Hie
779 478 908 560 genitus
940 495 1057 559 proavo
1088 477 1136 538 M.
1165 478 1301 558 Catone,

232 581 374 664 principe
386 580 436 642 illo
448 580 582 642 familiao
589 579 735 662 Porciae,
745 599 806 641 non
819 581 869 640 vir
876 587 995 641 tantum
1004 578 1160 661 sublimis,
1170 581 1230 640 sed
1243 601 1301 660 per

234 683 337 746 omnia
354 673 483 765 ingenio
502 681 564 743 diis
585 698 677 761 quam
697 679 873 740 hominibus
896 679 1037 760 propior;
1068 678 1122 758 qui
1140 698 1298 760 nunquam

233 793 321 848 recte
352 784 448 866 feeit,
477 792 511 844 ut
535 783 643 846 facere
672 778 849 863 videretur,
881 779 940 840 sed
970 780 1043 860 qnia
1077 781 1165 841 aliter
1189 780 1312 842 facere

232 905 294 948 non
314 894 460 966 poteratq
482 884 597 964 cuique
616 882 648 943 id
668 882 768 942 solum
789 879 895 940 visum
920 889 971 940 est
990 879 1142 941 rationem
1165 880 1297 965 habere,

234 987 317 1070 quod
337 987 467 1048 baberet
486 985 649 1066 justitiam.
677 981 836 1063 [omnibus
864 980 1009 1042 humanis
1029 981 1115 1042 vitiis
1142 983 1297 1059 immunis,

234 1107 362 1169 semper
380 1088 536 1150 fortunam
555 1084 587 1146 in
607 1102 665 1146 sua
685 1090 841 1164 potestate
861 1081 992 1160 habuit]
1032 1081 1095 1143 Hic
1126 1082 1196 1143 trib.
1215 1083 1297 1162 pleb.

235 1190 441 1272 designatus,
461 1188 564 1249 adhuc
583 1183 749 1247 admodum
769 1183 978 1264 adolescens,
1006 1201 1078 1246 eum
1104 1183 1156 1244 alii
1179 1183 1299 1244 suade-

234 1300 318 1373 rent,
346 1302 383 1351 ιιι
401 1309 461 1366 per
480 1294 650 1363 municipia
670 1291 825 1346 cautelas
855 1285 1078 1360 commotique
1099 1292 1298 1346 custodiren-

235 1404 308 1470 tur,
331 1409 432 1469 paene
453 1390 533 1448 inter
553 1386 676 1447 ultimos
696 1386 907 1467 interrogatus
927 1385 1132 1465 sententiam,
1162 1388 1298 1448 tentavi

235 1491 333 1566 animi,
348 1499 442 1570 atque
462 1487 580 1569 ingenii
600 1487 746 1548 invectus
767 1487 868 1547 estin
888 1486 1149 1570 conjurationem,
1177 1485 1225 1564 [et
1243 1505 1298 1548 ar-

237 1591 312 1653 dore
334 1588 397 1651 oris
418 1592 587 1650 orationem
608 1587 743 1648 omnium
763 1587 921 1648 lenitatem
936 1587 1135 1649 suadentium
1146 1587 1298 1648 societate

237 1690 358 1753 consilii
378 1697 558 1769 suspectam
579 1688 686 1770 fecit],
707 1687 755 1749 sic
775 1687 986 1767 impendentia
1006 1704 1048 1748 ex
1068 1689 1165 1750 ruinis
1184 1689 1297 1749 incen-

237 1791 359 1872 diisque
380 1789 465 1851 urbis
494 1798 526 1851 et
546 1789 786 1850 commutatione
814 1796 915 1850 status
942 1789 1057 1868 publici
1076 1789 1216 1868 pericula
1236 1805 1297 1848 ex-

237 1891 355 1971 posuit,
390 1893 446 1961 ita,
462 1890 601 1951 consulis
631 1891 777 1951 virtutem
805 1888 1025 1969 amplificavit:
1064 1897 1097 1949 ut
1128 1890 1298 1952 universus

239 1999 369 2054 senatus
390 1991 422 2051 in
438 1990 511 2070 ejus
534 1991 720 2052 sententiam
743 1990 905 2075 transiret,
925 1987 1299 2072 animadvertendumque

237 2092 269 2152 in
287 2109 360 2172 eos,
385 2077 464 2172 quos
484 2091 712 2171 praediximus,
734 2101 892 2175 censeret,
913 2091 1073 2173 majorque
1092 2108 1167 2170 pars
1182 2092 1299 2154 ordinis

238 2191 308 2273 ejus
337 2190 526 2254 Ciceronem
553 2201 819 2272 prosequerentur
845 2192 978 2254 domum.
1019 2193 1064 2254 At
1084 2192 1216 2255 Catilina
1238 2213 1299 2255 non

238 2293 371 2376 segnius
391 2299 484 2355 notus
503 2292 576 2354 obiit
597 2312 688 2374 quam
709 2295 844 2357 sceleris
864 2291 997 2355 conandi
1023 2293 1155 2355 consilia
1175 2293 1300 2354 inierat:

239 2395 353 2476 quippe
376 2393 546 2457 fortissime
572 2394 742 2478 dimicans,
772 2412 865 2476 quem
891 2393 1032 2473 spiritum
1062 2391 1216 2474 supplicio
1238 2391 1298 2454 de-

153 2563 157 2570 ,
238 2494 362 2574 buerat,
384 2494 442 2555 sub
464 2495 565 2574 clipeo
585 2496 726 2558 reddidit.

186 2597 227 2660 36
315 2590 498 2655 Consulatui
512 2592 678 2656 Ciceronis
698 2617 759 2657 non
780 2597 940 2659 mediocre
953 2595 1076 2676 adjecit
1095 2596 1195 2658 decus
1208 2602 1299 2656 natus

238 2711 277 2752 eo
301 2709 381 2752 anno
403 2691 495 2754 divus
516 2694 695 2772 Augustus,
716 2696 829 2757 abhinc
849 2713 949 2758 annos
968 2696 1173 2773 cxxxxii,
1195 2694 1297 2755 omni·

237 2791 296 2852 bus
329 2791 463 2854 omnium
493 2791 631 2876 gentium
665 2794 743 2853 viris
778 2795 993 2877 magnitudine
1028 2814 1087 2858 sua
1116 2793 1298 2856 inducturus
1351 2828 1354 2834 ,

237 3019 297 3066 dem
315 3023 466 3079 ponendum
486 3035 561 3086 esse,
591 3034 683 3074 omnes
702 3025 835 3092 viderunt.
860 3023 994 3076 insidiam
1018 3022 1164 3074 altissimis
1191 3023 1298 3071 adbae-

236 3108 343 3156 rentem
362 3108 430 3157 dixit
449 3111 481 3172 1,
500 3112 525 3159 9.
551 3138 584 3145 -
613 3126 668 3161 non
685 3111 731 3162 cir
750 3137 785 3146 -
800 3112 926 3176 propior.
955 3111 1214 3173 depravassent:
1243 3123 1298 3159 non

237 3192 337 3244 vireret
354 3193 527 3261 simillimus,
548 3202 575 3248 et
591 3212 643 3262 per
662 3214 686 3249 o.
705 3200 760 3263 inq.
779 3201 833 3250 diis
851 3213 934 3265 quam
951 3202 1020 3249 bom.
1035 3212 1097 3261 pm
1123 3210 1193 3259 quae
1211 3199 1298 3260 magis

238 3282 319 3330 etiam
350 3287 530 3342 corruperunt
559 3287 704 3335 scribendo
737 3287 842 3338 Virtute·
865 3299 920 3337 non
943 3288 983 3335 ita
1012 3287 1128 3348 ineptiat
1157 3281 1299 3350 Vellejus,
1372 3305 1376 3310 ·

186 3399 189 3406 ,
238 3374 268 3420 ut
292 3369 380 3419 altero
406 3372 526 3426 membro
555 3376 689 3424 orationis
717 3377 846 3425 virtutem
874 3371 985 3423 Catonis
1015 3377 1173 3440 praedicet,
1209 3375 1299 3426 altero

237 3459 392 3521 ingenium,
430 3458 479 3505 sed
512 3471 562 3519 per
602 3462 773 3521 hyperbolen
809 3474 896 3524 paene
940 3464 1019 3512 deum
1060 3465 1171 3525 ingenio
1211 3464 1296 3511 fuisse

237 3546 314 3595 illum
341 3547 421 3614 dicit,
457 3557 540 3606 quare
574 3560 628 3596 non
660 3551 782 3599 dubitavi
808 3562 910 3612 ponere
942 3551 988 3600 cir
1027 3554 1155 3616 tantam,
1191 3550 1220 3597 ut
1255 3548 1300 3607 qui

237 3636 350 3699 scirem,
376 3635 529 3684 sexcenties
554 3647 572 3684 a
605 3639 633 3684 et
665 3647 681 3683 ιι
704 3639 812 3688 litteras
839 3641 1007 3699 permutatas
1034 3651 1095 3688 esse
1122 3651 1139 3686 a
1161 3635 1298 3692 librariis,

145 3733 147 3740 ’
236 3731 288 3770 nec
306 3734 369 3773 raro
389 3736 437 3773 eos
453 3721 582 3772 lineolam
604 3728 816 3787 superscriptam
842 3728 972 3788 vocibus,
1004 3738 1056 3788 qua
1078 3726 1174 3774 littera
1199 3723 1300 3772 omissa

237 3808 386 3867 significari
402 3812 491 3876 solet,
509 3811 674 3873 neglexisse,
692 3813 732 3860 ita
750 3814 779 3860 ut
798 3813 881 3862 facile
900 3813 965 3867 tritri
981 3815 1080 3865 abierit
1098 3815 1127 3860 in
1145 3814 1215 3871 tatu,
1228 3808 1299 3867 tactu,

238 3891 307 3955 tati,
338 3901 406 3956 quod
425 3902 546 3964 quidem,
577 3900 719 3962 postquam
736 3901 850 3950 verbum
870 3902 916 3951 cir
934 3913 965 3950 se
992 3900 1191 3964 agglutinavit,
1220 3893 1300 3942 unice

239 3983 387 4032 convenire
414 3991 569 4039 sententiae
598 3989 686 4037 visum
726 3988 809 4036 tuerit
846 3991 933 4037 minus
962 3990 1174 4052 perspicacibus.
1217 3992 1299 4043 prae·

239 4071 315 4119 terea
335 4070 397 4118 dedi
421 4077 563 4142 sublimis,
586 4077 655 4139 quod
678 4076 808 4138 scriptum
826 4075 954 4126 suntimis
971 4079 1060 4140 magis
1077 4074 1217 4134 magisque
1235 4081 1300 4119 cor-

238 4159 367 4218 ruperint.
386 4161 435 4209 sed
452 4163 615 4228 Kreyssigio
634 4167 754 4216 debetur.
773 4187 805 4202 -·
829 4161 972 4226 [omnibns
990 4190 1024 4198 -
1041 4158 1164 4220 taeduit]
1194 4171 1298 4222 pannus

238 4243 418 4314 ταυτολόγος
439 4250 467 4298 et
485 4253 556 4302 male
575 4255 724 4306 cohaerens
742 4265 801 4304 eum
819 4251 1022 4315 superioribus,
1051 4259 1128 4309 quem
1156 4259 1223 4298 cave
1248 4249 1298 4297 du-
