2998 4896
254 359 277 423 2
701 374 862 428 usuum

256 536 419 600 memnon,
439 527 626 598 tempestate
646 518 678 579 in
704 517 830 580 Cretum
847 518 985 580 insulam
1005 516 1168 604 dejectus,
1188 529 1256 584 tres
1274 523 1316 586 ihi

255 619 350 684 orbes
373 621 496 692 statuit,
526 619 605 680 dues
633 635 652 678 e
679 619 796 699 patriae
820 619 962 701 nomine,
993 637 1085 680 unum
1112 637 1132 682 a
1160 621 1314 686 tdotoriee
1426 625 1429 636 '

165 761 168 767 -
254 707 416 804 memorie,
437 721 611 802 Mycenes,
632 719 789 804 Tegeam,
808 719 1008 799 Pergamum.
1045 718 1134 782 ldem
1147 740 1223 785 mox
1236 742 1315 788 soe-

253 823 319 884 lere
342 821 491 903 patruelis
514 821 635 906 fratris,
654 818 823 903 Aegisthi,
843 819 1264 888 hereditarium-exeroentis
1281 825 1313 888 iu

253 943 325 986 eum
345 923 460 1007 odium,
480 931 513 984 et
536 922 675 984 sueinore
697 920 807 982 uxoris
829 936 1003 1002 oppressus
1026 921 1187 986 oooiditur.
1207 924 1314 1008 Regni

253 1025 366 1104 potitur
381 1023 559 1105 Aegisthus
579 1042 635 1103 per
654 1039 753 1083 errnos
770 1019 843 1083 Vll.
863 1019 947 1083 huno
961 1019 1096 1084 Orestes
1110 1034 1314 1112 matremque,
1429 1025 1431 1032 '

253 1125 342 1187 sooie
375 1125 574 1188 consiliorum
608 1124 743 1186 omnium
769 1137 883 1183 sorore
914 1121 1056 1206 Eleotre,
1088 1124 1189 1188 virilis
1220 1128 1312 1190 enimi

252 1226 382 1310 lemine,
407 1226 579 1291 obtruncat.
620 1225 753 1287 Factum
768 1220 870 1301 ejusa
891 1219 951 1282 diis
965 1223 1196 1304 comprohatum
1210 1229 1311 1311 spatio

252 1328 336 1389 vitae
363 1336 395 1390 et
416 1324 564 1391 ielioitate
584 1322 705 1402 imperii
731 1320 886 1401 apparuit:
915 1322 1030 1403 quippe
1048 1325 1127 1389 vixit
1148 1329 1238 1407 annis
1257 1347 1311 1415 xo,

252 1430 398 1509 regnavit
419 1444 495 1489 Lxx.
538 1424 599 1498 Qui
619 1440 658 1484 se
682 1423 775 1483 eliam
795 1440 814 1484 a
834 1423 974 1506 Pyrrho,
993 1424 1128 1488 thillis
1149 1427 1222 1510 lilio,
1241 1431 1310 1492 vir·

252 1537 317 1590 tuto
335 1525 523 1588 vindimvit:
540 1540 613 1586 aem
631 1522 715 1605 quod
735 1531 848 1604 paene
874 1524 906 1588 ei
932 1524 1071 1588 Menelai
1094 1536 1187 1610 atque
1207 1529 1309 1594 ldele-

252 1646 312 1691 nee
334 1627 436 1713 filiae,
456 1624 665 1710 Hermiones,
685 1625 808 1706 nuptias
833 1636 1059 1707 occupaverat,
1080 1626 1210 1712 Delphis
1238 1648 1310 1692 eum

252 1728 417 1792 interfecit.
455 1728 519 1788 Per
544 1725 625 1788 haee
644 1733 785 1806 temporo
803 1725 919 1808 Lydus
941 1735 974 1789 et
996 1727 1178 1809 Tyrrhenus
1197 1730 1311 1795 iratres

253 1821 324 1894 oum
349 1835 517 1911 regnarent
537 1827 569 1889 in
589 1826 709 1911 Lydia,
729 1827 890 1890 sterilitate
910 1827 1035 1909 frugum
1055 1833 1216 1910 compulsi,
1236 1850 1309 1894 sor·

253 1932 297 1993 titi
324 1938 420 2014 sunt,
452 1937 521 1991 uter
559 1945 630 1989 oum
657 1935 747 2007 parte
774 1927 976 1989 multitudinis
1004 1929 1103 2008 petria
1121 1927 1312 2007 decederet.

253 2032 333 2094 Sors
352 2029 550 2111 'Pyrrhonem
567 2027 710 2108 contigit:
731 2035 776 2110 ia,
794 2036 967 2109 pervectus
986 2028 1017 2091 in
1038 2029 1173 2112 Italiam,
1192 2040 1224 2092 et
1241 2034 1311 2098 loeo

251 2141 285 2194 et
302 2131 413 2194 ineolis
433 2139 465 2192 et
487 2128 563 2190 mari
587 2127 690 2190 nobile
712 2145 752 2192 ae
772 2137 957 2210 perpetuum
977 2147 996 2190 e
1017 2147 1055 2192 se
1081 2149 1194 2193 nomen
1217 2130 1311 2197 dedit.

251 2233 330 2298 Post
350 2231 474 2293 Orestis
504 2229 659 2292 interitum
682 2228 735 2290 lilii
760 2227 849 2313 ejus,
868 2229 1032 2294 Penthilus
1059 2241 1091 2294 et
1113 2231 1314 2318 Tisamenus,

252 2353 430 2416 regnavere
449 2331 591 2395 triennio.

213 2455 243 2517 22
327 2438 424 2516 Tum,
443 2434 511 2498 iere
534 2452 614 2498 enno
631 2431 827 2512 ootogesimo
845 2441 918 2512 post
937 2431 1062 2514 'Prolem
1078 2442 1211 2519 ceptam,
1231 2453 1312 2498 oeu-

253 2539 365 2600 tesimo
388 2545 420 2597 et
442 2534 615 2611 vioesimo,
645 2550 737 2614 qoam
759 2533 918 2596 Hercules
947 2531 987 2594 ad
1011 2533 1090 2597 deos
1113 2546 1313 2622 exoesserot,

252 2636 380 2716 Pelopis
399 2634 590 2716 progenies,
613 2651 694 2716 quae
718 2634 799 2696 omni
821 2634 883 2697 hoe
905 2643 1062 2719 tempore,
1081 2637 1182 2717 pulsis
1203 2638 1311 2699 llere·

253 2738 361 2813 elidis,
379 2735 589 2815 Peloponnesi
605 2735 767 2815 imperium
788 2734 975 2815 obtinuerat,
995 2735 1033 2798 ah
1048 2737 1197 2799 Herculis
1218 2735 1311 2817 [pro-

205 2849 207 2856 ’
252 2836 363 2920 genie]
377 2836 552 2916 expellitur.
589 2836 700 2898 Duoos
717 2835 925 2916 reeuperandi
947 2836 1068 2917 imperii
1089 2836 1178 2900 fuere
1191 2838 1311 2900 'l'eme-

252 2953 330 3020 nus,
351 2937 589 3022 Cresphontes,
617 2937 855 3020 Aristodemus,
889 2952 1019 3019 quorem
1051 2937 1172 3000 abavus
1201 2938 1312 3002 lueret.

252 3037 373 3100 Eodem
391 3037 458 3100 iere
478 3047 618 3120 tempore
638 3039 784 3102 Athenae
807 3037 865 3100 suh
888 3038 1018 3119 regibus
1038 3058 1115 3102 esse
1134 3039 1312 3104 desierunt:

253 3156 383 3219 utrarum
408 3139 531 3202 ultimus
552 3157 612 3202 rex
630 3139 687 3202 ihit
706 3138 848 3226 Codrus,
880 3139 1032 3204 Metontni
1052 3140 1150 3222 iilius,
1179 3140 1228 3201 vir
1249 3160 1312 3202 non

252 3240 514 3320 praetereundus:
534 3241 666 3323 quippe,
686 3259 759 3303 oum
781 3240 1025 3303 Laoedaemooii
1041 3241 1133 3319 gravi
1146 3240 1227 3302 hello
1245 3241 1309 3302 At-

252 3340 333 3404 tloos
353 3340 548 3421 premerent,
567 3340 847 3423 respondissetque
867 3341 1017 3424 Pythius,
1037 3358 1167 3422 qaorum
1187 3341 1252 3403 dux
1269 3340 1310 3404 ah

253 3442 343 3504 hoste
361 3451 450 3505 esset
469 3443 613 3526 oooisus,
632 3459 690 3504 eos
700 3439 824 3504 futuros
838 3441 1036 3522 superiores,
1056 3441 1199 3524 deposito
1216 3449 1311 3504 veste

245 3595 246 3600 ¹
251 3593 480 3607 μ

253 3685 327 3745 tpaes
343 3683 537 3736 tamumtorer
557 3684 642 3734 tuisse
664 3682 820 3744 titulorum,
832 3674 837 3681 ’
848 3683 940 3743 ltaque
958 3683 1006 3732 hos
1022 3684 1129 3734 additos
1152 3681 1200 3730 vel
1219 3684 1309 3730 mute

254 3772 298 3820 toa
322 3783 511 3838 nonnunquam
540 3783 601 3822 ease
624 3783 641 3822 tt
664 3771 848 3834 grammateia
875 3772 924 3820 aut
948 3770 1086 3835 librar-tls,
1117 3769 1308 3832 simplicesque

253 3861 421 3918 mhahttoa
439 3858 666 3922 mlmdimorlhus
688 3863 716 3908 et
739 3859 791 3918 ils,
808 3859 904 3922 quihus
918 3858 1067 3922 discipulos
1087 3862 1168 3921 etque
1187 3857 1310 3906 leoterea

253 3945 340 4006 uls
357 3949 485 4002 allectum
504 3948 539 3996 lrl
559 3947 764 3998 arbitrarentur.

324 4031 347 4080 ¹·
382 4034 506 4098 &inemo
529 4035 571 4098 R,
588 4037 702 4084 duotore
726 4033 950 4088 Drakenborohlo
975 4036 1010 4084 ed
1032 4035 1093 4085 htv.
1117 4033 1174 4097 28,
1192 4031 1247 4096 et,
1265 4033 1311 4084 uht

245 4123 351 4184 'tieem
369 4121 421 4170 hoo
437 4127 547 4178 vertum
570 4123 719 4188 legitimum
741 4135 803 4174 ease
827 4125 856 4174 la
873 4124 1081 4188 ammantibus,
1106 4125 1152 4186 qut
1168 4124 1203 4174 aa
1227 4122 1308 4172 luetl-

254 4213 314 4260 tuto
335 4219 415 4260 oum
435 4211 613 4272 depelluntur.
640 4211 728 4264 liber:
746 4207 876 4272 retectus.
900 4211 925 4262 is
949 4213 979 4262 vi
1000 4213 1153 4264 eonteeuae
1178 4211 1311 4262 adduotua

253 4299 368 4360 inserui,
387 4297 457 4357 quod
479 4297 600 4352 hausisse
617 4302 726 4352 videtum
741 4325 775 4340 -
791 4299 815 4352 tt
828 4301 1010 4364 praenotans,
1028 4312 1088 4351 oum
1113 4299 1209 4350 undis
1238 4309 1309 4349 ooa-
