2998 4896
240 339 288 416 36
687 361 850 417 rennuunt

241 526 311 572 cum
341 508 373 569 in
408 508 512 571 multis
538 507 607 570 aliis
631 505 813 589 regionibus
840 506 1000 569 exercitus
1026 506 1163 588 dispersi
1192 503 1306 591 forent,

240 609 274 669 V
296 617 329 670 ct
350 609 443 671 InXX
463 609 556 670 millia
576 609 692 671 civium
711 605 926 671 Romanorum.
941 617 972 669 ct
992 609 1122 688 amplius
1137 610 1199 673 LX
1211 613 1306 674 millia

239 707 415 770 Italicorum
430 726 491 770 una
512 708 563 770 die
582 705 822 786 conflixerant),
841 707 1008 769 frustratus
1025 725 1082 788 spe
1105 710 1304 772 continuandi

132 801 135 816 ’
240 809 441 892 consulatus,
473 809 516 870 ita
541 825 579 868 se
603 806 727 868 dubium
751 805 951 887 mediumque
978 809 1116 889 partibus
1139 812 1303 895 praestitit,

239 918 272 971 ut
298 909 401 970 omnia
425 924 467 967 ex
494 909 619 987 proprio
643 925 703 969 usu
732 925 847 988 agere,
879 909 1134 989 temporibusque
1164 911 1303 973 insidiari
1373 945 1377 950 ·

237 1010 413 1093 videretur,
435 1017 471 1070 et
485 1009 548 1071 lruc
572 1017 665 1091 atque
691 1009 780 1090 illuc,
800 1007 883 1068 unde
910 1025 988 1086 spes
1008 1010 1107 1090 major
1130 1009 1302 1074 aliirlsisset

177 1130 181 1139 ¹
236 1111 414 1194 potentiae,
443 1127 481 1170 se
508 1111 746 1192 exercitumque
775 1107 955 1168 deflectere.
999 1108 1066 1169 Sed
1093 1110 1139 1170 ad
1163 1111 1300 1174 ultimum
1340 1092 1343 1100 ¹

236 1229 352 1293 magno
372 1211 537 1292 ¹atrocique
561 1212 679 1292 proelio
703 1227 774 1270 cum
796 1207 898 1286 Cinna
921 1208 1058 1271 conflixit
1065 1231 1073 1290 3
1096 1213 1188 1291 cujus
1210 1230 1300 1273 com-

236 1313 343 1397 missi,
363 1313 537 1394 patretique
557 1313 616 1372 sub
638 1309 717 1388 ipsis
746 1309 910 1369 moenibus
934 1310 1097 1390 oculisque
1120 1312 1207 1373 urbis
1232 1313 1303 1374 llo-

236 1398 368 1493 manoe,
386 1410 598 1493 pugnantibus
619 1409 898 1488 spumantibusque
928 1427 1020 1492 quern
1043 1411 1136 1474 fuerit
1166 1422 1302 1475 eventus

237 1511 418 1588 exitiabiliS,
458 1511 516 1570 vix
547 1509 655 1571 verbis
685 1511 817 1590 exprimi
845 1520 959 1591 potcst.
1009 1512 1088 1574 Post
1115 1514 1192 1594 hoc,
1230 1533 1304 1576 cum

235 1620 400 1692 utrumque
425 1607 616 1693 exercitum,
638 1613 724 1673 velut
742 1630 849 1692 parum
873 1612 953 1674 bello
977 1614 1178 1697 exhaustum,
1207 1615 1299 1674 lece-

235 1721 320 1774 raret
340 1713 536 1795 pestilentia,
565 1712 625 1775 Cn.
645 1713 816 1794 Pompejus
842 1713 1003 1792 decessit3
1038 1715 1128 1793 cujus
1156 1713 1297 1776 interitus

235 1815 382 1894 voluptas
408 1814 596 1875 amissorum
626 1824 679 1877 aut
706 1814 811 1895 gladio
838 1823 891 1876 aut
913 1813 1020 1876 morbo
1051 1814 1166 1876 civium
1196 1832 1299 1895 paene

234 1913 348 1973 damno
368 1922 538 1990 reperrsatn
561 1921 626 1990 est3
659 1915 856 1992 populusque
880 1913 920 1971 R.
948 1931 1040 1992 quam
1072 1912 1148 1972 vivo
1171 1917 1299 1976 iracun-

235 2012 316 2073 diam
340 2010 505 2092 debuerat,
525 2013 556 2072 in
584 2020 700 2092 corpus
719 2012 831 2072 mortui
851 2012 987 2077 contulit.
1029 2011 1113 2090 [Seu
1137 2012 1217 2075 duae
1241 2033 1300 2076 seu

235 2120 300 2175 tres
319 2108 539 2190 Pompejorum
556 2109 645 2171 luere
666 2109 814 2191 familiae3
833 2111 952 2191 primus
973 2110 1043 2191 ejus
1060 2112 1203 2194 nominis,
1225 2123 1299 2175 ante

235 2231 334 2275 annos
359 2211 427 2273 lere
443 2210 627 2291 cnxvflt,
646 2209 685 2287 Q.
699 2209 870 2290 Pompejus
888 2229 959 2272 cum
977 2213 1038 2277 Cn.
1060 2211 1196 2276 Servilio
1217 2231 1298 2275 con-

235 2316 284 2376 sul
305 2314 370 2377 fuit.
411 2314 512 2376 Cinna
532 2322 564 2375 et
586 2313 727 2397 Marios,
748 2312 831 2372 bend
852 2311 1024 2372 incruentis
1044 2312 1198 2391 utrimque
1222 2329 1295 2370 cer-

234 2417 400 2481 taminibus
420 2416 529 2498 editis,
548 2416 657 2478 urbem
676 2420 926 2494 occupaverunt,
948 2411 1006 2473 sed
1026 2412 1109 2492 prior
1129 2412 1299 2493 ingressus

170 2500 176 2506 N
233 2518 335 2579 Cinna
354 2519 394 2578 dc
414 2517 596 2595 recipiendo
613 2517 716 2579 Mario
738 2516 843 2597 legem
863 2513 955 2592 tulit]

183 2615 224 2676 22
306 2607 390 2675 'Mox
417 2613 454 2674 C.
488 2614 609 2675 Marius
629 2616 782 2694 pestifero
803 2615 926 2678 civibus
946 2613 1014 2676 suis
1042 2613 1144 2675 reditu
1173 2612 1298 2674 intravit

232 2713 367 2776 moenia.
419 2711 506 2772 Nilril
533 2712 584 2772 illa
614 2713 746 2774 victoria
776 2714 889 2776 fuisset
921 2713 1098 2792 crudelius,
1129 2713 1190 2772 nisi
1222 2727 1297 2773 mox

233 2812 363 2880 Sullana
382 2802 474 2871 esset
491 2819 611 2872 secuta.
651 2810 767 2890 Neque
790 2810 916 2870 licentia
932 2809 1106 2890 gladiorum
1121 2809 1152 2869 iu
1172 2807 1296 2871 medio-

232 2929 306 2974 cres
324 2912 501 2994 saevitum,
511 2910 570 2972 sed
585 2909 798 2972 excelsissimi
813 2908 928 2990 quique
949 2917 1043 2990 etque
1058 2910 1296 2972 eminentissimi

233 3012 368 3074 civitatis
394 3013 455 3074 viri
477 3012 574 3074 variis
607 3010 828 3092 suppliciorum
852 3010 1023 3092 generibus
1048 3009 1162 3072 allecti.
1202 3011 1236 3072 ln
1256 3012 1297 3072 iis

233 3110 310 3173 Cos.
334 3112 503 3191 Octavius,
532 3113 582 3179 vir
604 3112 756 3175 lenissimi
786 3112 896 3196 animi,
926 3111 1022 3191 jussu
1046 3111 1167 3172 Cinnae
1195 3112 1296 3172 inter·

189 3249 190 3252 =
231 3211 335 3272 lectus
357 3220 415 3270 eat.
455 3211 579 3271 Merula
602 3221 722 3294 autem,
755 3212 871 3291 quise
898 3211 956 3272 sub
980 3211 1149 3272 adventum
1173 3211 1294 3273 Cinnae

234 3311 396 3380 consulatu
416 3309 630 3394 abdicaverat,
650 3309 760 3373 incisio
777 3309 881 3394 venis,
902 3309 1133 3391 superfusoque
1147 3311 1296 3375 altaribus

234 3419 464 3437 w——u—

212 3517 217 3526 ‚
301 3463 344 3512 bl.
381 3467 409 3514 et
426 3464 553 3526 emplius.
574 3466 744 3514 desideratur
762 3467 790 3514 in
809 3465 888 3515 libris
907 3464 1012 3525 copula.
1040 3491 1074 3499 -
1102 3467 1174 3516 male
1199 3467 1292 3516 codd:

232 3556 330 3618 cuperet
340 3575 373 3588 ..
383 3551 549 3618 deflecteret,
569 3563 637 3610 quae
650 3563 704 3600 nun
716 3557 779 3601 sunt
794 3555 867 3602 dubii
883 3555 910 3601 et
922 3554 1011 3601 medii.
1030 3550 1105 3613 [Seu
1117 3554 1189 3601 duae
1203 3554 1293 3606 -,tu-

232 3639 293 3701 tit]
318 3638 527 3690 roeobaerentio
551 3641 579 3686 et
607 3637 786 3706 ταυτολόγα,
809 3652 862 3688 nec
887 3633 1005 3701 Velleji‚
1031 3640 1080 3688 sed
1103 3639 1198 3687 nescio
1217 3632 1294 3700 cujus

230 3724 422 3778 annotatoris?

300 3815 344 3864 22.
382 3815 495 3866 demin
514 3812 729 3865 execrationem.
748 3814 819 3862 male
838 3816 934 3863 codd:
953 3837 987 3849 -
1005 3818 1069 3864 erat
1087 3816 1167 3878 dens,
1199 3825 1245 3862 eos
1262 3809 1292 3858 ia

232 3895 292 3963 em,
312 3913 372 3951 ‚nec
397 3905 519 3965 dubium,
552 3915 598 3952 eos
624 3903 712 3950 ortum
740 3912 801 3949 esse
831 3915 865 3950 ex
894 3901 1031 3950 vocabulo
1051 3899 1238 3950 antecedente.
1257 3920 1292 3934 -

230 3985 310 4033 iidem
329 3991 388 4048 pari
407 3991 558 4052 elegantia:
578 3988 706 4039 meritum
722 3985 855 4051 spiritum
866 3987 998 4037 reddidit.
1020 3987 1200 4052 -princeps
1218 3983 1290 4036 cici-

231 4072 329 4123 titotir.
351 4076 445 4124 codd:
470 4091 515 4142 pr.
535 4075 667 4129 ciuitatis.
691 4087 786 4124 verum
803 4086 891 4135 neque
910 4073 1008 4123 consul
1027 4078 1082 4124 tum
1106 4075 1159 4122 brit
1176 4075 1212 4122 Μ.
1233 4073 1291 4121 An-

231 4162 334 4224 touius‚
354 4163 383 4208 ut
401 4164 527 4225 princeps
548 4165 668 4214 civitatis
686 4163 819 4226 appellari
837 4164 948 4224 posset,
967 4173 1019 4210 nec
1037 4173 1123 4224 aequo
1140 4163 1210 4212 benc
1231 4160 1291 4210 clo-

230 4251 356 4309 quentine
389 4247 531 4312 copulatur
568 4253 665 4302 civitas
700 4263 777 4314 quarn
812 4249 940 4300 civilitas.
978 4246 1099 4314 Quintil.¹
1125 4249 1157 4312 2,
1185 4248 1224 4296 tr.
1258 4250 1291 4297 de
