2990 4894
246 317 293 392 8⁰
697 341 858 392 VELLEJI

248 486 379 552 consilia
395 503 454 551 sua
475 487 638 564 comitatu,
656 485 754 568 fugae
775 485 979 566 fortunaeque
998 503 1036 548 ae
1057 490 1232 576 commisit,
1252 512 1313 557 se-

245 588 381 668 metipso
418 597 583 652 contentus
618 588 698 652 duce
728 588 869 670 partium.
918 587 1039 650 Statius
1069 587 1217 672 Murcus,
1257 597 1322 692 quis

246 691 344 756 classi
364 700 396 754 et
418 690 581 754 custodiae
606 690 701 750 maris
719 686 914 768 praefuerat,
946 687 1119 750 cumomni
1137 692 1309 756 commissa

246 792 306 854 sibi
324 800 413 873 parte
435 791 597 853 exercitus
617 790 806 867 naviumque
822 789 902 850 Sex.
915 787 1111 874 Pompejum,
1129 789 1186 852 Gn.
1195 793 1308 872 Magni

245 894 360 978 filium,
390 892 443 974 qui
467 907 510 952 ex
529 891 682 970 Hispania
700 898 867 950 revertens
887 889 1027 954 Siciliam
1051 891 1148 952 armis
1171 911 1307 975 occupa-

246 1003 356 1068 verat,
388 993 474 1074 petit.
512 992 731 1074 sequemet
751 1010 769 1052 e
789 991 946 1054 Brutianis
966 992 1081 1054 castris
1101 1002 1134 1055 et
1153 1011 1196 1056 ex
1214 997 1305 1080 ltalia,

247 1095 381 1176 aliisque
400 1103 550 1160 terrarum
571 1093 729 1177 partibus,
752 1110 832 1174 quos
851 1094 1012 1173 praesenti
1030 1095 1171 1174 periculo
1192 1096 1309 1160 fortuna

143 1267 148 1290 N
248 1197 456 1278 subduxerat,
476 1197 642 1279 proscripti
662 1194 867 1260 confluebant.
908 1193 1032 1274 Quippe
1050 1197 1168 1258 nullum
1190 1198 1313 1261 haben-

248 1298 330 1361 tibus
350 1307 464 1362 statum
480 1299 608 1378 quilibet
628 1296 691 1358 dux
705 1305 773 1359 erat
786 1297 930 1381 idoneus,
944 1303 1022 1359 'oum
1035 1288 1158 1360 fort'uua
1178 1301 1313 1363 electio-

248 1419 321 1464 uem
347 1421 410 1462 nou
430 1399 533 1474 daret,
561 1396 739 1478 perfugium
760 1397 959 1482 ostenderet,
987 1397 1208 1482 exitialemque
1229 1411 1313 1464 tem-

249 1509 404 1583 pestatem
420 1497 612 1579 fugientibus
632 1499 724 1561 statio
743 1517 800 1579 pro
820 1508 911 1579 portu
928 1499 1020 1564 foret.

197 1593 241 1658 73
325 1601 387 1664 iiio
411 1600 601 1664 adolescens
625 1608 693 1662 erat
714 1599 826 1662 studiis
850 1601 954 1685 rudis,
985 1621 1131 1666 sermone
1150 1603 1310 1689 barbarus,

250 1704 367 1784 impetu
393 1711 557 1787 strenuus,
587 1685 694 1764 mauu'
710 1712 866 1788 promnrs,
900 1705 1090 1786 cogitatione
1117 1706 1219 1787 celer,
1246 1705 1310 1767 lide

248 1808 328 1887 patri
347 1805 586 1887 dissimillimus,
615 1805 793 1868 libertorum
814 1823 941 1868 auorum
960 1805 1107 1887 libertus,
1127 1823 1310 1869 servorum·-

250 1925 312 1987 que
328 1923 455 1991 servus,
476 1905 635 1986 speciosis
648 1906 805 1991 invidens,
818 1915 851 1970 ut
864 1916 988 1988 pareret
1005 1907 1197 1990 humillimis3
1220 1927 1314 1989 quem

249 2014 396 2084 senatus,
425 2024 526 2087 paene
549 2015 632 2068 totus
655 2007 760 2070 adbuc
782 2029 800 2070 e
820 2008 1022 2091 Pompejauis
1041 2018 1191 2072 constans
1212 2011 1312 2090 parti·-
1344 2053 1347 2061 .

202 2115 205 2126 '
249 2107 324 2190 boe,
350 2093 423 2187 post
444 2107 573 2170 Antonii
601 2109 763 2171 aMutina
788 2111 911 2195 fugam,
944 2111 1057 2174 eodem
1079 2111 1130 2172 illo
1161 2121 1312 2193 tempore,

250 2226 312 2291 quo
327 2210 428 2272 Bruto
450 2208 628 2290 Cassioque
657 2212 880 2274 transmarinas
903 2213 1085 2291 provincias
1115 2209 1314 2299 decreverat,

248 2319 431 2374 revocatum
464 2328 507 2372 ex
533 2311 687 2392 Hispania
717 2313 784 2392 (ubi
810 2311 966 2382 adversus
999 2331 1072 2372 eum
1104 2313 1312 2374 clarissimum

155 2455 173 2488 1,
248 2412 363 2476 bellum
381 2412 480 2474 Pollio
499 2413 631 2475 Asinius
650 2415 824 2494 praetorius
840 2412 1015 2495 gesserat),
1034 2412 1066 2474 in
1085 2417 1214 2493 paterna
1231 2411 1312 2474 bosa

250 2514 443 2591 restituerat,
464 2521 497 2572 et
516 2531 589 2573 orae
603 2514 773 2576 maritimae
785 2515 992 2598 praefecerat.
1030 2513 1064 2576 ls
1076 2524 1150 2596 tum,
1169 2524 1204 2578 ut
1217 2531 1313 2596 prae-

252 2613 403 2694 diximus,
424 2621 576 2693 occupata
596 2613 867 2697 Sicilia,.aervitia
879 2618 1095 2699 fugitivosque
1108 2619 1138 2678 in
1152 2635 1314 2680 numerum

253 2713 413 2776 exercitus
433 2714 482 2774 sui
501 2715 678 2801 recipiens,
698 2735 847 2799 maguum
865 2719 990 2780 modum
1010 2719 1168 2799 legionum
1189 2717 1313 2780 effece-

252 2822 316 2895 rat3
343 2833 467 2896 perque
499 2816 628 2879 Menam
663 2827 694 2881 et
731 2818 964 2900 Menecratem,
998 2827 1146 2900 paternos
1175 2819 1313 2902 libertos,

254 2915 449 3002 [praefectos
461 2918 636 3004 classium]
657 2919 827 2982 latrociniis
847 2938 886 2982 ac
899 2920 1151 3001 praedationibus
1168 2920 1314 2983 infestato

254 3111 396 3159 annotavit
414 3112 453 3175 lt,
472 3113 501 3162 in
516 3116 671 3177 absorptum
692 3128 768 3181 esse,
786 3117 816 3165 ut
834 3128 932 3178 saepe,
949 3128 967 3164 a
984 3117 1069 3164 verbo
1087 3116 1315 3177 praecedeuti.-

254 3198 342 3248 ruiuus
361 3196 446 3246 latine
463 3200 544 3250 libri:
566 3216 627 3253 oum
642 3202 760 3266 fortuna
776 3219 832 3255 non
854 3203 1014 3255 electionem
1030 3204 1121 3254 duret.

325 3283 368 3333 ta.
407 3285 575 3349 capitatione
591 3295 668 3341 recte
686 3293 771 3342 Rben.
789 3295 818 3341 iu
835 3294 958 3355 margine
984 3292 1118 3342 editionis.
1147 3292 1211 3342 libri
1229 3295 1312 3343 vett:

257 3374 412 3442 coaitotor,
438 3374 449 3420 i
466 3377 619 3434 posteriore
639 3380 792 3442 intercepto
810 3394 826 3430 a
844 3383 858 3431 t
873 3380 969 3442 simili,
996 3382 1053 3428 turn
1077 3382 1198 3431 confusis
1220 3393 1240 3430 n
1257 3387 1287 3432 et
1302 3397 1317 3432 r

256 3466 372 3528 nitens,
389 3461 461 3512 aloru
477 3459 540 3524 aa,
553 3462 613 3525 θλ,
631 3466 689 3530 tia,
705 3471 776 3530 apud
792 3468 955 3518 iuvenalem
972 3471 1031 3518 sat.
1051 3467 1092 3533 ii,
1111 3468 1175 3519 107.
1196 3475 1224 3520 et
1236 3470 1315 3521 alias.

256 3553 432 3617 nequeenim
447 3543 558 3611 Vellejo
575 3552 657 3612 <tigna
673 3557 782 3606 videtur
799 3569 854 3606 vox
879 3556 1037 3624 cogitator,
1067 3555 1189 3619 quamvis
1220 3561 1317 3608 extans

257 3646 287 3693 in
306 3643 414 3696 moesis
425 3641 507 3704 vett,
525 3639 554 3686 et
571 3639 693 3706 postulat
710 3645 895 3713 copitatione,
911 3645 960 3696 vel
975 3645 1117 3713 capitata,
1134 3648 1205 3707 quod
1221 3646 1316 3695 moluit

259 3732 413 3784 seiefferus
425 3731 503 3780 Miso.
520 3725 584 3778 Oba.
606 3725 690 3788 9.‚1)·
711 3729 788 3795 1⁷0„
813 3728 873 3795 ipsa
894 3736 1074 3784 membrorum
1094 3734 1259 3796 aequalitas,
1286 3731 1315 3775 ul

257 3818 284 3867 B
298 3819 503 3883 animadvertit,
521 3815 623 3867 collato
640 3813 722 3864 simili
739 3815 817 3884 loeo,
842 3823 888 3883 qui
906 3825 950 3872 est
965 3823 1080 3873 iuferius
1098 3822 1158 3871 iis.
1176 3822 1211 3870 ad
1228 3819 1314 3864 Juve-

259 3906 350 3958 uatem
365 3909 385 3958 1.
405 3922 428 3958 ο.
447 3909 516 3971 quod
540 3904 651 3968 attinet,
674 3904 810 3953 mseotnr
826 3908 900 3976 iliis,
927 3911 973 3971 qut
998 3913 1063 3973 poni
1084 3905 1225 3972 jumne
1240 3901 1314 3952 pgr.

260 3995 366 4063 mota,
391 3999 416 4046 b.
436 4011 460 4050 e.
486 3992 698 4070 βροτολοιγοῦ,
719 3990 892 4057 μιαιφόνου.
931 3999 1101 4062 significatur
1123 3999 1197 4044 Mars
1223 3988 1314 4050 ulil²0⁰

261 4087 289 4136 et
305 4085 384 4136 basta
403 4090 517 4138 veniens
537 4086 703 4150 perdensque
723 4079 844 4130 homines
850 4095 859 4143 3
886 4095 955 4144 quae
974 4085 1131 4144 cohaerent,
1159 4089 1219 4128 cum
1238 4076 1313 4128 Perr-

186 4151 194 4164 .
262 4175 367 4246 uate,
385 4175 520 4238 uteunque
540 4173 717 4238 explicatum,
734 4167 887 4221 abhorreat.
911 4195 947 4210 -·-
972 4171 1148 4240 [praefectos
1164 4165 1315 4230 claretum]

262 4265 480 4320 honorificentius
499 4266 599 4315 dianam
616 4264 650 4312 de
671 4259 836 4324 labamine,
855 4259 885 4308 ut
902 4272 949 4312 eos
968 4264 1064 4322 vocat,
1088 4256 1238 4308 Octaviano
1255 4258 1315 4308 stu·
