2990 4894
598 389 700 438 rusr.
727 389 763 438 n.
789 389 832 438 ιι.
1199 365 1247 442 93

186 551 206 594 a
221 533 281 595 diis
297 529 456 616 homines,
476 529 605 592 nilrildii
624 530 799 592 horninibus
815 541 977 612 praestare
995 543 1137 620 possunt,
1158 533 1248 612 [uiltll

185 643 261 696 voto
273 634 413 715 concipi,
432 632 507 694 nihil
521 629 671 694 felicitate
688 633 898 695 consummari
906 633 932 713 ,]
953 633 1037 715 quod
1054 654 1116 696 non
1130 635 1247 716 Augu-

186 745 337 819 stuspost
356 737 489 800 reditum
498 734 530 795 in
542 733 650 796 urbem
666 735 713 795 rei
730 735 874 814 publicae
885 734 1078 816 [populoque
1091 735 1250 815 Romanu]

183 847 399 918 terrarumque
425 835 492 898 orbi
515 837 811 917 repraesentaverit.
850 838 954 900 Finita
977 837 1132 900 vicesimo
1168 855 1250 902 aueo

182 941 265 1002 bella
284 937 399 1018 civilia,
420 937 543 1018 sepulta
562 945 704 1012 externa,
723 947 874 1002 revocata
891 955 972 1024 pax,
992 939 1114 1019 sopitus
1135 938 1251 1020 ubique
1362 991 1366 999 .

76 1077 82 1088 =
183 1057 339 1102 armorum
359 1038 458 1120 luror3
491 1038 634 1101 restituta
662 1037 715 1098 vis
746 1038 893 1124 legibus,
923 1039 1052 1121 judiciis
1071 1041 1251 1122 auctoritas,

183 1140 307 1203 sonanti
326 1140 492 1222 majestas3
512 1139 675 1221 imperium
694 1140 933 1222 magistratuum
952 1141 993 1204 ad
1011 1142 1174 1222 pristinrun
1193 1161 1250 1204 re-

184 1240 309 1304 dactum
335 1241 476 1323 modum3
506 1240 716 1304 tantumnodo
744 1250 815 1304 octo
834 1242 1030 1321 praetoribus
1051 1245 1153 1306 allecti
1174 1244 1251 1324 duo,

184 1343 291 1424 prisca
310 1345 362 1406 illo
380 1353 413 1406 et
441 1344 567 1426 antiqua
591 1341 800 1424 reipublicae
820 1341 920 1404 forma
945 1353 1107 1406 renovata.
1145 1343 1252 1406 Rediit

184 1447 288 1508 cultus
306 1447 413 1528 agris,
432 1446 533 1508 sacris
553 1445 671 1528 honos,
690 1443 846 1508 securitas
859 1445 1052 1532 hominibus,
1072 1455 1160 1508 certa
1177 1446 1250 1510 cui·

189 1555 252 1628 q'ue
282 1564 386 1610 rerum
413 1563 541 1610 suarum
568 1546 752 1627 possessi03
790 1546 884 1624 leges
913 1543 1105 1610 emendatae*
1128 1545 1251 1630 utiliter,

184 1649 265 1711 latae
285 1648 465 1729 salubriter3
495 1656 625 1710 neumas
645 1646 716 1710 sine
735 1647 920 1727 asperitate,
947 1666 1011 1710 ,neo
1031 1649 1100 1710 sine
1123 1649 1251 1711 reveri·
1362 1683 1366 1696 ι

184 1759 269 1832 tate,
298 1751 420 1827 lectus,
450 1749 611 1830 principes
635 1747 714 1828 -viri,
742 1749 970 1830 triumphisque
998 1760 1031 1812 et
1049 1751 1252 1832 amplissimis

183 1853 355 1914 honoribus
381 1851 494 1936 functi,
527 1852 650 1914 hortatu
672 1849 847 1930 Principis,
875 1849 915 1913 ad
948 1850 1117 1914 ornandam
1143 1851 1251 1917 urbem

184 1953 283 2016 illecti
302 1962 384 2016 sunt.
423 1952 609 2016 Consadotui
630 1950 840 2015 tantummodo
860 1969 962 2034 usque
982 1952 1023 2014 ad
1041 1953 1252 2032 undecimum,

187 2072 281 2137 quem
294 2056 502 2138 continuaret,
522 2053 653 2137 Caesar,
674 2071 746 2116 clun
759 2071 857 2134 caepe
871 2053 1014 2119 obnitens
1029 2065 1251 2139 repugnasset,

186 2157 344 2237 impetrari
361 2157 470 2238 potuit.
509 2157 593 2218 Nam
613 2155 795 2220 dictaturam
810 2173 902 2237 quam
921 2156 1122 2237 pertinaciter
1141 2159 1172 2219 ei
1190 2158 1252 2220 de-

186 2256 311 2321 lerehat
329 2259 480 2342 populus,
508 2267 571 2320 tam
600 2266 781 2321 constanter
802 2257 923 2337 repulit.
961 2257 1052 2318 Bella
1070 2256 1128 2318 sub
1148 2259 1252 2338 impe-

184 2369 288 2422 ratore
318 2378 357 2421 eo
377 2369 487 2442 gesta,
514 2368 711 2441 pacatusque
736 2357 880 2419 victoriis
908 2364 1061 2420 terrarum
1086 2357 1187 2441 orbis,
1220 2369 1252 2420 et

184 2466 230 2521 tot
249 2468 339 2522 extra
359 2460 479 2522 ltaliam
503 2459 650 2540 domique
680 2475 792 2541 opera,
821 2475 912 2518 omne
941 2458 1015 2520 aevi
1041 2459 1091 2520 sui
1117 2460 1251 2541 apalirrm

185 2557 401 2637 impensurum
420 2558 451 2618 in
471 2556 503 2618 id
528 2558 628 2622 solum
659 2575 739 2638 opus
769 2559 954 2640 scriptorem
985 2558 1127 2640 fatigent.
1166 2561 1251 2644 Nos,

185 2675 344 2720 memores
381 2657 607 2740 professionis.
647 2659 829 2722 universam
861 2661 1029 2741 imaginem
1057 2647 1271 2744 principatus*

185 2757 256 2840 ejus
277 2759 378 2821 oculis
397 2759 572 2840 animisque
592 2759 794 2839 subjecimus.

261 2859 412 2942 Sepultis,
425 2867 459 2920 ut
467 2858 691 2943 praediximus,
704 2861 794 2926 bellis
805 2862 959 2949 civilibus,
975 2863 1248 2928 coalescentibus·
1259 2877 1301 2942 90

185 3083 289 3144 scripta
307 3083 449 3132 inveniunt
466 3087 495 3131 et
512 3073 635 3146 probant.
653 3109 688 3118 -
705 3084 861 3136 incendium
880 3097 931 3146 pro
946 3084 1056 3136 initiam
1072 3087 1173 3152 lieret,
1192 3087 1249 3150 on,

186 3173 234 3220 ltr.
252 3195 286 3206 —
302 3169 420 3222 Antistii
436 3173 531 3235 uxori,
551 3169 716 3233 Calpurniae
733 3185 759 3220 v.
776 3173 821 3223 26.

216 3279 219 3290 ·
254 3259 298 3307 89.
335 3272 387 3324 qao
405 3272 523 3311 occursu
534 3260 611 3322 urps.
628 3262 655 3309 et
666 3262 844 3310 recentiores.
862 3261 941 3311 libri:
961 3276 1100 3314 occursus.
1119 3267 1248 3328 scriptum

186 3361 219 3398 eo
237 3358 286 3410 pro
303 3360 356 3411 qao
374 3346 458 3396 facile
483 3348 661 3397 interciderit.
687 3372 723 3384 -
746 3345 919 3414 [poprtloqae
936 3349 1036 3415 lium]
1052 3352 1196 3414 glossema.
1213 3375 1249 3385 -

185 3436 333 3484 renovato.
361 3436 403 3482 olo
421 3433 569 3486 Acidaliae.
587 3436 681 3499 codd,
697 3437 794 3485 menda
811 3437 960 3498 frequentl:
976 3443 1126 3506 revocato,
1143 3451 1203 3488 oum
1220 3439 1249 3486 tn

187 3524 372 3584 superioribus
389 3520 497 3585 legatur
514 3526 651 3574 reuocata
665 3535 735 3588 pac.
758 3547 794 3559 ·-·
809 3521 1021 3586 [nituit-cons.
1040 3528 1125 3577 verba
1142 3535 1249 3576 rouro*-

187 3608 262 3678 λόγα
274 3612 302 3661 et
313 3615 447 3672 suspecta.
456 3635 491 3646 -
505 3609 678 3662 consulatui.
687 3610 767 3662 llbrl:
781 3610 907 3682 (ι’-ιιι,
920 3617 962 3666 ed.
971 3616 1067 3666 Basti:
1079 3611 1248 3663 Consulatus

185 3700 258 3750 tout.
280 3712 365 3764 usque
391 3699 431 3750 nd
445 3697 619 3750 undecimam
642 3701 674 3749 at
696 3702 790 3768 cont,
816 3712 886 3763 quae
911 3705 1048 3753 eorrectio
1065 3711 1120 3748 non
1145 3681 1247 3750 temere

187 3787 354 3850 repudianda
369 3787 515 3836 videbatur
529 3785 700 3852 ltuhnlrenlo,
718 3799 778 3838 cum
794 3801 830 3840 ne
846 3791 905 3853 lpse
923 3791 1029 3853 quldem
1048 3799 1161 3837 acumen
1178 3787 1247 3838 vel-

184 3872 303 3940 lejonum
321 3875 551 3937 deprehendisset.
568 3875 678 3926 scilicet
692 3879 828 3939 exquisita
844 3878 1000 3928 adulatione
1017 3876 1061 3925 iric
1077 3876 1177 3939 nemer,
1188 3873 1247 3927 non

184 3964 352 4015 consulatum
370 3964 508 4027 Augusto,
528 3964 577 4014 sed
594 3965 745 4027 Augustum
762 3965 931 4026 consulatnl,
948 3964 1026 4013 velut
1043 3963 1168 4013 eximium
1185 3961 1246 4029 eju's

185 4053 282 4116 decus,
299 4053 439 4114 impetrari
456 4053 578 4114 potuisse
594 4051 660 4102 dicit
676 4053 749 4103 ultra
766 4052 952 4112 undecimum,
970 4062 1048 4113 quem
1068 4053 1245 4105 continuaret.

185 4139 348 4191 incunabula
365 4141 468 4190 erroris
484 4142 513 4189 ln
529 4141 540 4189 l
558 4143 616 4190 ets
641 4140 793 4190 lltterarum
810 4135 985 4187 similitudlae
1003 4141 1157 4199 quaerenda
1173 4145 1244 4192 sunt.

185 4247 220 4263 -
239 4227 288 4277 aut
303 4227 475 4292 inperatore
492 4241 532 4279 eo.
549 4219 618 4278 bene
648 4227 715 4278 tecit
732 4226 794 4284 lin,
820 4235 881 4274 cun
905 4223 1059 4288 neglectum
1084 4241 1102 4280 a
1123 4229 1244 4282 librarlls

187 4321 331 4376 pronomen
349 4315 466 4366 immisit.
