2990 4894
258 365 328 442 1²0
705 383 866 438 nisenam

256 550 329 598 nem
349 531 483 596 sederis
501 533 580 594 usus
600 537 667 611 ast,
693 527 776 590 baud
794 525 1005 608 imprudenter
1024 525 1223 611 speculatus,
1254 547 1317 596 uc·

255 634 371 696 mium
388 632 526 696 celer-ius
546 629 677 712 opprimi
697 647 790 710 quam
810 628 863 710 qui
881 627 955 692 nibil
968 626 1099 710 timaret,
1116 627 1316 711 etfrequen-

255 734 411 798 tissimunr
454 750 531 795 esso
566 730 686 794 initium
727 729 911 792 calamitatis
942 728 1151 792 securitatem.
1206 730 1315 796 Primo
1371 713 1379 732 ⁰

255 835 350 917 igitur
366 851 505 916 pancos,
537 847 612 895 mcx
630 829 738 910 plnres
763 829 795 890 in
824 829 1014 894 societatem*
1037 829 1160 894 consilii
1188 833 1312 914 rocipii;

231 1007 232 1012 ἵ
254 941 387 1014 opprima·
397 953 491 1011 porse
502 939 660 994 Rauracos
673 938 705 993 et
724 929 809 1013 dicii,
829 937 861 992 et
876 929 1063 1012 persuadet;
1076 931 1213 996 decretis
1228 931 1309 996 iacta

250 1036 368 1120 jungit,
399 1043 523 1116 tempus
550 1031 731 1096 insidiarum
760 1031 927 1095 constitnit.
964 1031 1001 1094 td
1019 1032 1107 1096 Varo
1137 1050 1196 1113 por
1214 1033 1310 1102 virum

255 1136 325 1218 ejus
345 1137 451 1217 gebim
482 1134 609 1198 fidelem
636 1133 776 1214 clarique
804 1132 937 1198 nominis
956 1131 1119 1214 Segesten
1146 1133 1314 1214 indicatum

253 1236 455 1319 praevalebat
474 1245 577 1298 tamon
602 1234 699 1298 latum
720 1235 878 1318 consiliis,
907 1253 1094 1316 omnemque
1120 1235 1316 1315 animiajns

254 1339 356 1402 aciem
371 1338 626 1419 praestrinxerat.
667 1332 791 1416 Quippe
809 1335 852 1398 iia
869 1351 910 1396 sc
924 1352 978 1398 ras
997 1333 1107 1421 habet,
1128 1343 1163 1400 ut
1174 1335 1316 1417 pteron.-

255 1456 317 1520 qne
336 1437 489 1500 iortunnm
506 1441 680 1497 mutaturus
700 1433 781 1500 done
800 1436 930 1501 consilia
949 1421 1144 1520 corrumpat,
1177 1436 1326 1503 officiale·

255 1556 337 1622 qne,
367 1536 450 1618 quod
474 1535 681 1598 misorrimum
712 1543 782 1620 est,
808 1543 859 1620 ut,
888 1535 971 1616 quod
1000 1534 1130 1621 accidit,
1160 1534 1194 1600 id
1219 1537 1314 1604 ctiam

253 1638 363 1701 meritc
395 1637 555 1700 accidisse
580 1635 739 1718 videatur,
774 1644 807 1698 et
832 1653 928 1702 casus
956 1639 988 1702 in
1013 1638 1135 1718 culpam
1162 1647 1312 1702 mansam.

253 1741 363 1825 Negat
381 1741 486 1822 itaque
507 1757 545 1802 sc
565 1738 714 1821 credere,
733 1755 888 1821 spemque
906 1738 938 1800 in
958 1755 996 1802 se
1014 1738 1250 1804 benevolentiae
1265 1755 1312 1805 ax
1379 1752 1390 1776 '

252 1843 363 1905 meritc
383 1843 550 1904 aestimare
570 1841 740 1922 profitcmr.
778 1840 853 1904 Neo
881 1839 995 1906 diutius
1018 1849 1092 1923 post
1109 1841 1241 1922 primum
1258 1841 1312 1908 itt-

254 1941 357 2004 dioem
377 1941 519 2002 seeundo
539 1943 666 2002 relictus
684 1943 786 2004 locus.

183 2044 243 2110 119
260 2077 264 2092 .
330 2037 478 2098 Ordinem
498 2038 715 2100 atrocissimae
736 2040 929 2126 calamitatis,
949 2043 1106 2128 quandia
1118 2043 1313 2124 postcrasst

251 2139 284 2201 in
302 2137 427 2202 Parthis
447 2135 592 2199 damnum
621 2137 653 2200 in
681 2140 800 2201 exteris
828 2143 975 2222 gentibus
1003 2144 1130 2226 gravior
1158 2144 1312 2212 Romanis

251 2239 328 2319 luit,
342 2238 439 2322 justis
459 2237 684 2321 voluminibus,
712 2248 746 2302 nt
763 2239 831 2322 alii,
864 2241 906 2302 iia
924 2261 985 2306 nos
1010 2247 1189 2311 conabimur
1206 2263 1312 2327 expc-

251 2361 344 2424 nerc;
365 2359 448 2404 nnnc
466 2356 587 2401 summa
607 2339 751 2402 deflenda
770 2349 830 2405 est.
871 2341 1038 2404 Exercitus
1054 2344 1189 2404 omnium
1201 2343 1309 2404 fortis·

253 2445 368 2526 simus,
400 2441 579 2524 disciplina,
618 2460 727 2524 manu,
759 2443 1013 2526 experientiaque
1048 2442 1197 2506 bellorum
1230 2443 1311 2508 inter

252 2709 376 2760 Rbomoe
395 2705 438 2757 lua
455 2718 490 2756 ex
508 2708 754 2777 Ricomonoeetiur,
774 2709 954 2766 officientibus
973 2709 1025 2759 sibl
1041 2722 1088 2760 ma
1106 2711 1134 2759 et
1150 2721 1203 2762 nce
1219 2708 1310 2771 sylla·

253 2795 307 2858 bis,
323 2795 460 2855 verboque
472 2793 524 2856 jus
540 2796 678 2858 adscripto
696 2799 730 2847 ab
748 2797 926 2861 explicatam,
943 2781 1084 2858 postquam
1100 2795 1158 2858 legi
1174 2798 1310 2858 coepisset

247 2879 331 2950 jorra,
355 2883 505 2945 copulaque
521 2883 679 2934 oblitterata
697 2887 785 2948 essem
808 2886 922 2946 dentque
938 2897 1104 2951 consequens
1121 2897 1138 2934 e
1154 2896 1308 2950 consequar·

252 2972 314 3038 tue,
340 2971 428 3022 altera
441 2967 598 3033 junctarum
616 2985 633 3022 u
648 2972 802 3024 litterarum
818 2973 936 3038 omissa,
962 2975 991 3022 et
1008 2975 1040 3024 ta
1056 2974 1158 3024 mutato
1174 2974 1203 3022 ln
1218 2971 1312 3024 similo

252 3070 294 3108 err.
311 3060 343 3107 N.
360 3060 502 3116 Heinsius:
530 3073 591 3112 cum
612 3056 679 3120 jure
704 3062 740 3110 et.
768 3060 821 3113 oio.
840 3061 985 3112 Rcmcnce
996 3057 1046 3122 juo
1065 3072 1122 3127 equ.
1143 3064 1306 3114 nomenatus

251 3155 309 3210 pm,
326 3147 461 3198 vocabulo
475 3144 545 3212 juris
563 3147 734 3212 ineleganter
755 3150 871 3212 repetito
879 3163 888 3212 3
914 3144 1076 3212 pejoresque
1093 3151 1175 3200 etiam
1191 3148 1308 3200 altorum

251 3232 409 3282 medicinae.
426 3259 462 3271 -
491 3239 565 3288 eod:
582 3235 672 3304 frequ.
688 3236 798 3288 initium
813 3249 888 3304 esre,
902 3231 1006 3297 junctis
1024 3237 1254 3288 homoeotelentis.
1272 3261 1308 3274 ·-·

181 3369 184 3374 .
251 3323 336 3372 idem:
362 3320 455 3382 pluria
472 3322 501 3373 ιἰι
518 3324 652 3378 societate
670 3323 769 3376 consili
785 3321 940 3388 proecepit.
969 3324 1071 3374 tinen:
1101 3325 1200 3378 oool—
1210 3328 1264 3376 tem
1281 3339 1307 3378 e.

251 3407 377 3474 suornm
391 3407 506 3458 Vascos.
525 3414 554 3461 et
570 3414 633 3463 alti:
651 3412 772 3481 recipit,
789 3413 953 3474 temporibus
971 3414 1115 3466 verborum
1133 3415 1310 3476 congruenti·

250 3499 309 3548 bns.
326 3519 362 3536 ·-
376 3495 602 3562 praecolebct-
610 3499 710 3564 sctum.
727 3501 792 3553 libri
807 3501 947 3551 mendose:
964 3501 1128 3564 postulabat
1138 3501 1223 3554 etiam
1232 3500 1308 3564 fun.

250 3585 358 3636 seilicet
377 3585 491 3636 contusa
507 3584 609 3634 mertui
626 3585 644 3648 ᾗ
663 3591 756 3652 (prce)
781 3591 809 3639 ci
825 3595 854 3652 p·
877 3590 980 3654 (post),
1006 3581 1083 3640 tome
1096 3589 1125 3638 ln
1143 3587 1200 3640 lom
1207 3623 1219 3656 ,
1241 3575 1309 3653 fotu

249 3675 279 3723 in
293 3672 359 3738 fcto
378 3673 515 3724 mutatum.
541 3671 582 3720 ed.
600 3672 700 3725 Rarum
725 3680 774 3730 aed
789 3678 994 3742 praevalebant
1013 3672 1078 3738 jam
1095 3673 1160 3740 soto
1173 3690 1307 3741 -prae-

249 3761 436 3814 otrinccrcnt.
454 3783 490 3798 -
501 3757 859 3824 mercimoniorum:
878 3766 1105 3828 praeemineret·
1122 3789 1158 3800 -
1179 3767 1305 3830 pleram-

250 3861 302 3911 que
316 3849 468 3915 somonam.
485 3850 525 3899 tta
541 3849 642 3911 prinus
662 3849 776 3900 Vascos.
794 3855 871 3906 Msm
893 3855 1054 3919 plerumque
1070 3852 1117 3920 qui
1132 3851 1202 3918 fort.
1219 3853 1305 3904 ortum

250 3935 297 3998 qui
315 3950 349 3986 cx
365 3951 425 4005 que.
442 3963 472 3974 -
493 3933 704 3989 beneuolentiae.
723 3935 810 3989 ttberr
830 3939 1005 4009 bene—llo,
1023 3943 1092 4003 quod
1110 3943 1229 3993 correxit
1246 3939 1307 3990 odl-

252 4023 296 4071 icr
311 4025 392 4076 Basti.

317 4107 376 4160 110.
410 4114 439 4165 in
455 4117 557 4181 prodo.
576 4115 653 4166 eod:
679 4111 807 4181 epredie,
826 4127 860 4164 ex
881 4127 932 4179 quc
952 4118 1036 4169 liban.
1056 4117 1205 4183 exsculpsit
1222 4131 1305 4186 eqreu

249 4195 303 4266 ple,
322 4195 370 4248 alti
386 4199 443 4250 atta
458 4205 602 4254 commonit
619 4208 689 4255 sunt.
707 4204 756 4254 sod
775 4203 856 4252 unice
874 4203 916 4256 bis
932 4207 1015 4258 rebus
1032 4207 1180 4258 convenire
1198 4207 1306 4262 vtteurr

249 4287 292 4352 ll,
317 4287 386 4350 ΨΜ
407 4289 558 4354 nocuimus,
580 4302 632 4343 nec
652 4292 731 4345 valde
750 4293 876 4346 abhorret
894 4305 912 4344 a
932 4292 1044 4356 vulgata
1060 4293 1201 4360 scripturn.
1227 4293 1302 4344 ltin:
