2998 4896
619 368 720 416 lusu.
748 367 784 414 u.
812 369 855 417 11.
1224 345 1268 418 51
1365 377 1367 388 ¹

211 513 351 575 Africam
378 514 408 572 iu
434 512 595 576 formulam
624 511 750 590 redegit
778 514 969 593 provinciae.
1011 488 1166 576 *sardinia
1193 517 1272 577 inter
1307 515 1313 520 “

210 615 341 694 primurn
375 622 408 677 ot
433 612 608 676 seeundum
632 611 745 676 ballum
771 613 943 700 Punicum,
975 614 1071 678 duolu
1098 617 1134 676 u.
1164 617 1273 680 Manlii

210 714 304 796 Cos,
338 722 458 780 eertum
478 713 610 792 'imperii
647 714 766 793 reoepit
793 715 915 796 jugum.
962 717 1124 794 (Immone
1141 716 1273 780 bellicae

131 879 134 885 ,
210 817 347 880 civitatis
365 822 600 893 argumentum,
620 813 703 890 quod
727 817 827 878 semel
848 816 906 878 sub
920 817 1061 897 regibus
1081 817 1193 880 iterum
1211 819 1273 884 boo

209 921 247 982 Τ.
266 916 386 980 Manlio
406 915 554 999 consule,
574 916 696 978 tertium
711 916 859 998 Augusto
869 918 1025 1000 principe,
1047 917 1174 996 [certae
1183 920 1273 1000 paois

94 1043 96 1050 ·
209 1015 445 1098 argumentum]
465 1015 568 1080 Janus
588 1017 734 1098 geminus
754 1018 882 1081 olausus
901 1019 1012 1098 dedit.)
1032 1021 1069 1082 ln
1087 1025 1272 1096 Hispaniam

208 1120 298 1200 primi
319 1117 455 1178 omnium
476 1117 597 1178 duxere
616 1117 778 1182 exereitus
805 1117 863 1182 Cn.
879 1129 911 1180 et
930 1121 966 1182 P.
986 1121 1165 1201 Scipiones,
1177 1111 1272 1188 'initio

212 1217 345 1282 secundi
362 1217 433 1288 belli
452 1217 583 1302 Punici,
603 1217 716 1280 abhinc
736 1236 836 1280 annos
859 1219 963 1300 CCL3
985 1222 1075 1304 indo,
1093 1223 1272 1302 variepos·

209 1339 321 1402 sessa,
341 1325 375 1382 e‘t
392 1337 490 1400 saepe
511 1319 647 1400 amissa,
667 1319 826 1401 partious,
845 1323 997 1386 universa
1020 1322 1114 1386 duotu
1134 1323 1273 1402 Augusti

208 1423 293 1484 lacta
330 1421 531 1502 stipendiaria
566 1429 626 1482 est.
675 1425 891 1482 Macedoniam
923 1422 1063 1501 Paulus3
1101 1423 1272 1486 Mummius

209 1525 380 1602 Aolrojam,
414 1523 547 1584 Fulvius
582 1520 725 1594 Nobilior
750 1521 878 1602 subegit
902 1525 1071 1599 Aetoliam
1103 1526 1212 1583 Asiam
1232 1524 1272 1584 L.

209 1624 336 1704 Soipio,
368 1624 511 1688 Africani
536 1622 649 1708 frater,
678 1623 789 1703 eripuit
816 1623 994 1702 Antiooh03
1027 1623 1088 1686 sed
1115 1623 1271 1687 beneficio

209 1735 339 1788 sanatus
360 1726 527 1806 populique
547 1725 587 1790 it.
617 1741 692 1786 mox
718 1725 757 1786 ab
779 1723 895 1788 Attalis
926 1741 1114 1804 possessam
1139 1726 1270 1804 regibus

207 1828 255 1890 M.
276 1828 450 1911 Perperna,
470 1835 563 1906 oapto
582 1825 781 1903 Aristonioo,
809 1825 885 1888 feeit
907 1826 1105 1888 tributariam.
1147 1831 1269 1905 Cypros

209 1928 335 1992 devicta
353 1929 466 1992 nullius
482 1926 677 2007 assignanda
692 1926 811 2007 gloriae
823 1933 890 1986 ost:
910 1926 1024 2006 quippe
1044 1935 1175 1988 senatus
1189 1943 1269 1988 cou-

209 2031 311 2113 sulio,
342 2029 513 2092 ministerio
543 2027 690 2108 Catonis,
717 2027 807 2108 regis
834 2034 954 2110 morto,
982 2045 1075 2107 quarn
1104 2027 1155 2088 ille
1188 2045 1269 2088 oon·

208 2131 342 2194 scientia
360 2132 531 2215 asciverat,
550 2129 634 2192 faeta
653 2129 817 2209 provinoia
830 2137 889 2192 est.
930 2133 1026 2188 creta
1039 2129 1160 2192 Metelli
1175 2127 1270 2192 ductu

208 2232 413 2314 longissimae
440 2230 591 2294 libertatis
623 2229 686 2292 fine
715 2230 843 2292 multata
869 2238 930 2294 est
970 2235 1067 2308 syria
1087 2235 1270 2306 Pontusque

210 2330 270 2394 Cu.
290 2330 432 2411 Pompeji
449 2331 573 2394 virtutis
591 2340 793 2394 monumenta
810 2340 892 2392 sunt

288 2437 424 2510 Galliae,
445 2433 577 2512 primum
597 2449 617 2492 a
635 2431 771 2492 Domitio
792 2440 824 2494 et
842 2429 951 2512 Fabio,
970 2436 1085 2509 nepote
1103 2429 1203 2506 Pauli,
1217 2429 1321 2510 quisti

208 2534 425 2605 Allobroqioas
447 2541 581 2593 vocatus
607 2540 675 2613 est,
709 2532 848 2596 intratos·
866 2549 937 2592 curu
968 2531 1127 2609 exercitu,
1154 2547 1270 2612 magna
1352 2527 1355 2534 ’

207 2648 284 2694 mox
303 2631 393 2696 olada
413 2641 530 2716 nostra,
550 2649 649 2713 saepe
667 2641 701 2694 ot
720 2632 938 2701 affeotavirnus
959 2640 992 2694 et
1011 2633 1181 2694 omisimus.
1202 2633 1270 2698 Sed

206 2733 472 2816 fulgentissimum
490 2732 528 2796 C.
543 2732 695 2796 Caesaris
711 2752 790 2813 opus
809 2735 842 2796 in
862 2734 912 2796 his
927 2733 1130 2812 conspicitur:
1154 2733 1269 2813 quippe

207 2835 278 2916 ejus
305 2835 401 2900 duotu
433 2837 648 2917 auspiciisque
675 2836 827 2900 iniraotae
858 2855 915 2916 por
936 2835 1045 2913 fidem,
1079 2833 1162 2915 quod
1184 2842 1268 2896 totus

208 2945 359 3000 terrarum
379 2936 478 3022 orbis,
498 2938 640 3018 ignarum
660 2938 825 3003 conferunt
850 2937 1047 3016 stipendium.
1086 2935 1138 2997 Ab
1155 2935 1268 2996 eodem

209 3046 292 3098 tacta
311 3043 467 3097 Numidia.
509 3043 648 3098 Ciliciam
666 3038 842 3117 perdomuit
855 3037 1035 3118 IsauriouS,
1054 3045 1086 3098 et
1109 3045 1181 3117 post
1190 3036 1267 3096 bel·
1334 3037 1358 3074 Ψ

220 3159 475 3176 -——--—-—-t

168 3236 170 3248 ¹
211 3241 484 3297 munero-possesso,
511 3230 635 3297 omissa,
658 3231 854 3295 stipendiaria.
881 3255 917 3269 -·
939 3229 1043 3295 Cypros
1059 3256 1096 3268 -·-
1113 3235 1163 3284 eet.
1182 3235 1264 3282 Mes:

212 3317 304 3380 Cypro
322 3319 348 3368 d.
365 3318 451 3370 nullis
470 3333 497 3368 a.
515 3319 610 3383 pluria
628 3323 678 3372 est.
697 3321 737 3386 ed.
758 3319 855 3383 Basib,
873 3320 912 3367 R:
949 3319 1034 3382 oppii·
1051 3321 1179 3373 deuictae
1195 3319 1267 3370 nulli

211 3420 238 3454 a.
257 3405 352 3470 pluria
370 3408 420 3455 eat.

255 3493 325 3542 «39.
361 3507 380 3544 a
398 3494 520 3546 Domitio
538 3497 674 3547 etFobio.
691 3500 772 3547 Mea:
791 3496 914 3551 Domitio
922 3496 1266 3561 Fabia-praepositionem

208 3585 311 3643 primus
327 3584 443 3640 inseruit
460 3583 525 3634 Aldi
544 3596 644 3647 nepos,
671 3585 796 3648 copulam
820 3587 909 3638 amtor
924 3586 1025 3649 nasib,
1056 3596 1135 3646 qnam
1159 3583 1266 3644 quidem
1283 3607 1285 3616 =

207 3671 271 3719 irino
287 3672 384 3728 abesse
403 3671 502 3734 nolim,
529 3675 582 3721 etsi
599 3667 709 3735 Vellejo
728 3675 798 3723 haud
821 3674 966 3736 displicent
984 3673 1127 3734 asyndeto.
1152 3693 1188 3720 -,-
1212 3683 1267 3734 per

129 3793 131 3800 .
205 3745 444 3824 fidmoorrupie
464 3759 544 3814 libri:
561 3775 632 3824 pene
649 3762 730 3829 idem,
749 3765 890 3823 permixtis
907 3776 926 3812 n
944 3766 972 3812 et
988 3774 1012 3824 r,
1029 3763 1147 3820 itemque
1165 3770 1181 3808 e
1199 3761 1228 3807 et
1244 3760 1265 3822 f,

206 3847 323 3910 litteris,
346 3849 418 3898 siout
434 3850 542 3910 passim.
563 3848 634 3900 107:
650 3851 840 3914 praesentiam
854 3850 951 3914 potius
969 3861 1052 3900 ormo
1067 3845 1167 3898 orauit
1183 3857 1265 3911 qaam

206 3936 334 4000 sequitur
348 3934 432 4000 fidem
444 3941 496 3987 eto.
525 3963 560 3974 -
589 3939 736 4008 ipsoram,
753 3942 877 4002 ignotum
894 3939 981 3988 adnuo
1001 3935 1115 3998 uallum,
1133 3947 1185 3997 quo
1201 3933 1264 4000 fal-

206 4024 316 4087 paam
341 4022 537 4078 furcouiano
558 4040 626 4090 opus
651 4028 727 4080 illud.
755 4032 850 4080 noda:
879 4027 1018 4091 ipnaoteaa.
1044 4025 1175 4075 audacter
1199 4023 1264 4074 Aldi

105 4124 108 4134 ·
124 4133 126 4138 ·
207 4121 310 4172 nepos:
328 4113 358 4162 in
374 4115 527 4183 aerarium,
545 4119 616 4178 quod
631 4118 716 4168 miror
732 4119 857 4177 uniquam
873 4113 1009 4162 arrisisse.
1027 4137 1062 4148 --
1073 4115 1161 4164 tacta.
1175 4112 1263 4163 libera

206 4194 295 4258 sacto.
320 4223 356 4236 -
379 4203 579 4258 Isauricae-
597 4204 834 4269 Gallopraeoiom.
860 4200 938 4254 libri:
956 4227 991 4240 -·
1007 4201 1172 4254 Numidicas
1192 4200 1263 4252 Gili-

208 4283 282 4334 Ct'am
307 4292 481 4358 peramavit,
511 4292 573 4342 adea
601 4293 714 4348 uicisset
733 4293 799 4352 post
820 4292 844 4340 b.
870 4289 1070 4343 Antiochinum.
1105 4291 1189 4342 Vutso
1209 4292 1265 4338 etc.
1492 4251 1493 4290 ³
