2998 4896
596 352 822 408 rntssntloss.
1207 355 1235 402 V

181 496 403 563 nonnisi-unus
422 517 536 562 revera
556 497 739 562 emendetus
757 499 796 560 ab
816 518 855 561 eo
876 507 938 582 est,
958 501 1059 581 eapite
1078 503 1109 563 2.
1123 507 1236 580 peste-

178 625 267 687 rioris
287 625 372 708 iibri,
402 625 453 686 ubi
473 639 589 684 vocem
605 625 873 696 foetummutovit
890 625 922 686 in
946 636 1088 703 peetomj
1118 625 1237 708 reliqua

180 751 260 812 enim
279 750 358 835 duo,
392 756 566 830 quaesunt
584 744 728 826 ejusdem
746 749 814 811 libri
839 747 941 812 ubi.
960 751 995 812 'et
1013 748 1083 833 83„
1111 749 1237 812 minime
1303 807 1305 812 ,

178 876 334 959 expediit,
353 871 415 933 sed
434 889 539 934 eurum
557 872 688 936 alterum
708 873 855 938 affectum
874 875 978 958 magis
995 875 1087 938 etism
1102 875 1238 952 corrupit

180 999 349 1064 scribendo
368 1004 402 1057 r‘n
421 1002 574 1058 eclcrmen
594 1015 724 1079 arceor,
743 999 873 1062 atterum
892 1018 1003 1062 sanum
1023 1001 1101 1064 uitro
1121 999 1237 1082 depra-

177 1125 268 1186 vavit
286 1121 430 1205 ponende
447 1127 569 1201 inulte,
600 1137 701 1184 sensu
726 1137 837 1201 parum
863 1133 952 1208 apto,
984 1143 1056 1186 cum
1076 1124 1237 1206 Coponius

178 1251 282 1310 Multo
300 1247 429 1333 dixerit,
449 1247 713 1320 Multa-nescndo
731 1247 929 1330 cogitaverit,
949 1247 1032 1310 sicut
1049 1247 1157 1310 urbani
1174 1250 1238 1312 ho·

177 1373 278 1436 mines
297 1370 499 1452 intelligenda
519 1371 690 1454 quosdam,
719 1372 908 1453 praesertim
929 1371 1113 1457 inhonesta,
1139 1373 1237 1438 relin-

180 1497 275 1581 quere
295 1499 396 1560 soient
414 1496 615 1560 auditoribus.
626 1497 665 1576 e)

254 1621 344 1701 Quae
363 1641 434 1686 cum
459 1621 502 1685 ita
522 1639 598 1685 esse
617 1621 928 1710 animadvertissem,
950 1624 1067 1706 ipsein
1087 1623 1148 1690 troc
1160 1643 1235 1690 cer·

176 1759 281 1811 tamen
301 1746 502 1816 dessceuden
521 1747 718 1828 nibiimagis
742 1747 847 1811 studui
873 1767 982 1830 quarn,
1014 1749 1088 1832 quid
1114 1758 1159 1813 tot
1176 1751 1235 1828 ea)

176 1875 208 1936 iu
222 1874 300 1936 iocis
313 1871 474 1960 obscuris,
488 1881 670 1954 partemque
687 1874 900 1955 conclamatis,
918 1874 1132 1956 reponendum
1140 1875 1236 1958 ieret,

175 2008 210 2060 ut
236 1997 417 2080 conjectura
442 1998 674 2083 perspicerem,
707 1998 767 2062 sed
792 2018 848 2078 ea,
876 2019 958 2082 quse
987 2000 1144 2084 praesidio
1170 2011 1235 2064 tuta

176 2132 265 2192 esset
294 2142 365 2187 eum
391 2123 518 2185 aliarum
550 2143 670 2208 return,
703 2134 767 2187 tum
794 2125 933 2207 inprimis
958 2125 1233 2208 palaeograpbioc3

175 2266 311 2331 eumque
338 2256 512 2323 constaret,
543 2249 703 2331 imperitos
722 2250 969 2329 emissionesque
988 2268 1009 2310 a
1021 2251 1155 2329 ,negotio
1175 2270 1234 2314 suo

174 2375 275 2439 fuisse
294 2374 435 2446 librarios
455 2374 655 2458 Veliejanos,
675 2376 756 2438 maie
777 2382 929 2455 acceptes
946 2373 1063 2435 abillis
1081 2391 1235 2437 vocesoc

175 2498 295 2562 titteras
312 2517 465 2562 revocare
484 2498 525 2561 ad
546 2499 641 2565 fldem
662 2499 861 2581 autographi,
881 2497 965 2581 quod
982 2498 1141 2582 inspicere
1160 2499 1235 2562 mibi

174 2626 280 2687 auimo
300 2624 439 2687 videbar.
478 2624 515 2687 tc
535 2633 621 2688 recte
642 2643 681 2686 an
701 2642 798 2687 secus
820 2624 961 2710 fecerim,
980 2643 1041 2688 non
1061 2634 1113 2689 est
1130 2644 1233 2688 meum

174 2750 372 2831 existimare3
406 2751 465 2813 sed
484 2749 557 2813 iliud
576 2749 692 2833 liquido
711 2750 867 2814 affirmare
885 2769 1037 2836 possum,
1051 2751 1117 2833 jem
1139 2752 1236 2816 mutto

175 2876 258 2958 apud
287 2877 370 2939 bunc
398 2884 536 2939 nostrum
565 2877 634 2940 sine
660 2875 834 2938 offensione
862 2877 945 2962 legi,
976 2877 1008 2937 in
1037 2876 1149 2958 quibus
1179 2879 1234 2940 vel

173 3001 349 3065 doctissimi
382 3002 452 3063 oiim
478 3002 664 3084 haeserunt,
696 3019 768 3064 curn
793 3010 846 3063 aut
870 3000 1034 3064 codicibus
1053 3001 1233 3065 adulteretis

177 3128 303 3190 nimium
330 3127 514 3210 tribuerent,
544 3135 596 3190 eut
620 3126 746 3210 ingenio
773 3134 806 3188 et
830 3125 969 3189 doctrino
994 3125 1065 3188 freti
1088 3127 1233 3192 licentius

175 3261 406 3332 grassarentur.

251 3379 361 3441 imitati
387 3388 491 3442 autem
519 3377 637 3440 illorum
664 3376 860 3457 industriam,
897 3379 949 3458 qui
980 3380 1085 3459 operis
1115 3375 1232 3457 antiqui

174 3511 296 3565 statues
315 3513 443 3566 truncas
462 3503 618 3582 integrant
643 3519 683 3565 ae
706 3503 869 3566 restituunt
898 3504 999 3586 (quod
1025 3522 1096 3567 eum
1117 3503 1152 3564 iit
1169 3519 1231 3580 pe-

176 3628 250 3713 rite,
269 3627 445 3712 laudatur),
473 3628 594 3709 inipso
614 3628 721 3692 ordine
740 3628 983 3709 perscripsimus
1001 3626 1099 3691 verbs
1119 3643 1231 3688 emen·

175 3752 264 3835 data,
289 3771 361 3816 cum
380 3751 561 3835 displiceret
580 3755 742 3817 multorum
769 3754 926 3837 hodieque
951 3748 1147 3834 superstitio,
1178 3753 1231 3833 qui

213 4055 244 4114 *i
281 4061 352 4110 Beue
376 4058 439 4109 aliis
462 4061 617 4123 quibusdem
638 4063 665 4111 iu
682 4060 750 4112 lucis
770 4076 826 4113 reni
842 4061 925 4124 gessit
943 4058 1135 4123 Kreyssigius3
1151 4060 1230 4112 'velut

279 4165 400 4224 [leviora
419 4173 684 4230 uenemmernorem)
705 4172 738 4230 2,
757 4171 801 4218 86.

188 4269 238 4328 *ssi
274 4272 338 4324 Plus
354 4286 431 4336 quern
448 4277 592 4327 trecentis:
615 4278 668 4327 vid.
687 4276 765 4324 iudex
786 4273 859 4336 prior
878 4285 904 4324 v.
928 4271 1056 4340 Velit-jus.
