2998 4896
263 301 309 378 tt
588 317 748 402 vuuunrr
773 317 875 370 man.
902 319 937 369 n.
965 322 991 370 1.

261 470 352 556 aqui
364 459 434 532 'non
452 473 575 552 puteat,
593 465 684 546 nequi
703 463 819 530 decinit
837 472 886 547 et,
911 466 997 528 uelut
1015 476 1199 548 occupatam
1220 475 1319 536 rotin-
1358 517 1360 526 ·

260 565 558 653 quanm-nterim,
578 564 698 649 quaerit
716 581 832 628 novam
852 564 1095 650 [praeteritoque
1114 586 1170 652 eo,
1203 570 1235 634 in
1255 591 1319 655 quo

259 672 398 735 eminere
419 682 687 750 unumunurm,
711 665 843 751 aliquid,
875 665 906 728 in
927 668 1152 749 poenitemur,
1182 675 1317 755 conqui-
1405 683 1408 690 ·

257 773 388 854 rimna];
408 771 630 854 sequiturque,
649 776 683 828 ut
701 765 875 848 frequentis
894 783 934 830 uc
952 768 1065 830 nobilia
1083 772 1231 834 transitus
1246 791 1317 835 mn·-

258 875 376 944 xirouur
396 872 427 934 iu
446 870 587 953 perlecto
604 886 701 952 opere
721 867 763 928 eit
781 865 1045 948 impedimentum.

210 971 251 1038 18
334 973 460 1038 Transit
477 968 640 1034 admiratio
659 967 698 1030 alr
713 967 891 1032 conditione
907 976 1080 1048 temporum
1094 980 1125 1032 et
1138 970 1178 1033 ad
1190 973 1318 1038 urbium.

258 1075 329 1140 Una
348 1069 724 1152 mendicetmeus,
753 1069 864 1130 annisa
887 1068 1102 1150 eloquentiae,
1137 1091 1230 1154 quam
1248 1077 1319 1139 uni·

258 1181 355 1240 varai
386 1171 524 1239 Graecia
552 1170 697 1254 operibns
729 1169 846 1252 floruit,
879 1169 959 1232 adeo
986 1179 1020 1233 ut
1051 1190 1184 1252 corporo
1216 1177 1320 1255 gentle

258 1278 339 1342 illiue
357 1285 503 1359 reparate
530 1275 592 1336 aiut
622 1271 653 1334 in
679 1270 758 1332 uliae
786 1268 949 1342 civitaten,
978 1271 1105 1352 ingenia
1133 1292 1213 1337 vero
1242 1277 1320 1340 aulis

256 1379 496 1442 Atheniensium
527 1372 626 1435 muria
655 1372 763 1435 clauae
794 1369 969 1432 existimes.
1016 1372 1134 1453 Neque
1166 1372 1228 1435 hoc
1257 1395 1320 1458 ego

257 1478 361 1560 magia
378 1477 507 1538 miratus
527 1474 588 1536 eim
618 1491 728 1558 quam,
747 1471 904 1534 neminem
923 1471 1097 1555 Argivum,
1126 1474 1320 1560 Thebanum,

256 1577 542 1658 chednemonium
561 1582 803 1658 minuentem,
823 1573 896 1636 dum
917 1573 1012 1655 vixit,
1038 1577 1237 1660 auctoritate,
1266 1589 1320 1640 aut

206 1753 208 1762 .
257 1685 340 1764 poet·
356 1685 487 1740 mortem
519 1677 669 1740 memoria
697 1675 825 1758 dignum
852 1673 1073 1740 existimatum.
1113 1673 1204 1754 Quae
1222 1679 1318 1742 urben

258 1783 292 1844 u
307 1780 349 1842 ibi
368 1777 473 1842 talium
494 1779 665 1842 studiorum
694 1778 784 1842 inere
814 1777 958 1862 steriles,
986 1775 1048 1838 nini
1073 1776 1200 1842 'liobae
1224 1797 1319 1844 unum
1392 1833 1394 1840 .
1467 1811 1470 1818 »

257 1899 295 1946 oa
314 1886 447 1944 Pindari
463 1878 656 1942 illuminarat.
707 1879 792 1941 Nam
811 1880 965 1939 Alcmona
984 1879 1132 1942 beonnae
1158 1879 1240 1944 falso
1261 1883 1319 1946 siit

257 1979 426 2046 vindicant.

255 2197 317 2250 pn,
335 2183 431 2234 odtoao
451 2179 595 2232 cumulatio
613 2177 726 2242 copulis.
743 2201 778 2217 -
805 2179 1032 2250 [proeteritopue
1054 2207 1080 2224 ·-
1103 2183 1318 2251 mnoeirirnurj

258 2267 431 2338 rnvroldyu.
446 2294 488 2332 -,
499 2267 675 2335 sequiturque
689 2292 725 2305 -
744 2267 975 2334 impedimentum.
993 2272 1187 2324 obscurentur
1202 2277 1231 2323 et
1241 2274 1319 2324 cinu-

258 2359 319 2412 auln
335 2358 502 2422 ineleganti:
532 2369 622 2424 aequ,
648 2359 680 2407 ut
699 2355 883 2424 frequentiae
904 2357 1013 2410 modilia
1038 2362 1075 2410 tr.
1098 2373 1175 2411 mac.
1198 2359 1320 2428 perfecti

259 2449 349 2516 operte
362 2447 461 2514 imped.
478 2445 524 2497 eit.
544 2447 611 2496 dicit
628 2449 718 2496 autem
736 2445 887 2498 transitum
908 2447 941 2496 tu
960 2448 1160 2510 suscipiendum
1178 2462 1246 2512 opua
1265 2449 1320 2500 ali·

259 2537 346 2599 quod,
364 2537 393 2584 in
409 2546 461 2597 quo
480 2531 530 2584 alii
549 2536 613 2583 ante
630 2533 818 2584 inclaruerint.

330 2621 374 2674 te.
397 2621 500 2674 unniuu
511 2620 684 2686 eloquentiae
693 2621 871 2686 -operibua
884 2625 976 2674 codd:
989 2624 1071 2675 onnia
1083 2625 1117 2675 el.
1130 2651 1165 2660 —
1177 2625 1320 2689 operibus·

260 2726 328 2780 que,
347 2724 407 2762 oum
426 2710 531 2760 librnrti
547 2707 736 2774 onnieoelopu.
742 2743 755 2776 ‚
786 2722 849 2759 mox
866 2711 1057 2777 caniseiane,
1079 2725 1114 2762 ae
1133 2715 1320 2776 inmutato,

168 2789 175 2808 “
260 2803 420 2852 exarescent
436 2799 574 2861 scriptura
592 2796 733 2860 continua3
761 2806 813 2872 quo
831 2798 907 2846 tacto
930 2807 981 2864 oue
998 2801 1148 2849 addendum
1165 2801 1218 2850 tuit
1236 2801 1321 2852 verbo

261 2887 404 2956 operibus,
430 2889 460 2936 ut
488 2889 516 2935 et
539 2886 638 2950 plurer
663 2881 731 2934 oniti
758 2888 786 2933 et
810 2885 897 2950 pluro
915 2897 1002 2949 opero
1018 2887 1129 2938 Atticae
1147 2888 1319 2950 eloquentiae

260 2979 418 3027 dicerentur
425 2989 435 3039 3
450 2964 532 3036 'quam
547 2973 681 3024 rationem
692 2975 790 3023 merito
808 2971 930 3036 explodit
942 2973 974 3024 ii.
989 2990 1023 3026 oe
1040 2981 1068 3026 et
1081 2991 1095 3028 e
1108 2982 1319 3041 permutatorum

261 3066 346 3128 (quod
363 3075 495 3127 persaepe
512 3061 627 3117 iactum)
652 3073 752 3112 novum
777 3061 929 3125 exemplum
952 3066 1044 3128 reperi
1070 3067 1140 3128 apud
1162 3065 1213 3116 lui.
1231 3067 1318 3116 Pirae-

262 3155 336 3204 nrum
355 3149 389 3217 2,
406 3147 447 3214 4.,
475 3162 528 3212 quo
544 3161 627 3199 versu
651 3149 702 3198 troc
729 3151 843 3201 habetur
868 3151 895 3201 ln
921 3154 980 3202 ced.
1001 3154 1159 3203 Perotttno:
1191 3154 1251 3215 Q..
1269 3167 1321 3221 pue

261 3241 391 3294 Fortuna
412 3238 558 3306 indulpeue
584 3235 702 3289 anineti
719 3238 813 3303 dedit,
840 3238 858 3287 i.
877 3249 901 3288 e.
928 3239 1075 3305 Quoeuuue
1097 3241 1179 3294 Fort.
1197 3247 1265 3293 ein:
1297 3243 1320 3306 0

263 3329 333 3380 enlin
351 3325 419 3377 illud
435 3323 504 3375 nihil
520 3324 594 3376 aliud
613 3329 655 3376 eat
674 3337 752 3388 quom
770 3329 956 3390 compendium
973 3324 1025 3378 rori
1045 3327 1101 3390 oue
1108 3363 1121 3398 ,
1147 3332 1226 3394 signo
1244 3331 1321 3384 litte-

234 3447 236 3452 ·
263 3421 353 3470 rarum
386 3411 542 3464 omissurum
568 3405 591 3470 3
616 3414 774 3465 oblitterato
800 3425 851 3478 por
883 3417 1055 3467 vetustatem.
1088 3441 1121 3454 ·-
1156 3421 1185 3471 et
1210 3420 1247 3472 iii
1273 3423 1321 3471 to·

263 3507 332 3558 unm
348 3501 511 3556 studiorum.
534 3503 564 3553 et
579 3499 636 3570 iii,
659 3503 814 3568 edomiti,
839 3504 867 3552 ln
884 3505 944 3566 ipae
966 3503 1099 3567 Graecia,
1123 3508 1197 3556 terra
1223 3509 1320 3556 fecun-

264 3595 376 3646 dissima
391 3589 568 3656 ingeniorum.
586 3587 663 3640 codd.
683 3595 764 3653 (quoe
781 3604 841 3642 cunr
859 3592 937 3653 dico,
970 3591 1055 3644 libros
1072 3595 1136 3644 Mna.
1156 3605 1173 3643 a
1192 3593 1321 3644 lihenano

266 3687 295 3733 et
314 3680 417 3733 oreilto
435 3681 580 3742 usurpatos
597 3677 754 3744 intelligo):
782 3682 810 3730 et
827 3673 941 3729 initalia
957 3681 1121 3732 studiorum.
1147 3679 1255 3732 scilieet
1272 3692 1321 3743 pru

266 3768 304 3818 tot
319 3773 449 3834 scriptum
465 3765 521 3835 iui,
538 3763 635 3816 monde
652 3765 801 3834 metuenti,
818 3779 880 3818 mox
897 3768 965 3818 abitt
981 3770 1008 3818 in
1027 3769 1067 3819 ini
1074 3788 1086 3830 ,-
1112 3769 1184 3822 totio
1202 3774 1289 3820 ortum
1306 3781 1322 3816 e

266 3851 357 3922 tulii,
373 3859 445 3910 nient
462 3869 479 3906 ιι
495 3860 525 3907 et
541 3865 559 3904 ιι
575 3854 686 3906 litterae
704 3857 851 3917 permutari
870 3857 942 3907 inter
958 3869 989 3907 ae
1007 3858 1105 3908 solent.

646 4113 962 4146 ·---....-..-...
